2182 4050
369 127 654 263 ,rpus-res
709 192 772 227 ·;.
858 118 1003 233 ἱέἰω
1061 171 1064 175 ’

831 252 841 280 ἱ

55 315 101 377 do
130 310 232 376 somni
257 309 448 395 corporolis,
477 326 509 376 et
536 311 622 397 qued
649 309 735 376 noo·
763 311 913 386 sffimret,
934 329 1005 378 cus

55 438 224 490 somnum,
256 415 393 496 quietem
421 429 451 480 et
470 437 589 499 pacem.
632 413 698 496 Qui
718 433 865 476 somnum
883 427 1005 476 nuere·

53 518 122 581 lem
144 516 276 590 dormit,
298 517 379 580 nihil
400 502 508 579 eorum
528 519 603 594 scit,
624 537 703 600 quoe
726 491 878 598 geruntur
896 516 934 578 inv
951 518 1006 581 do·

56 642 115 689 mo⁸
133 620 244 693 ricini,
274 632 305 681 et
330 631 436 682 temen
456 611 547 697 rivit,
574 621 647 683 licet
673 632 780 682 contra
801 633 942 681 naturum
962 621 1005 684 rie

55 736 109 786 tue
138 723 215 783 nihil
245 723 354 783 sentiat
379 722 412 784 iu
443 744 564 786 somno.
604 721 690 784 ldem
717 724 751 785 in
778 722 834 783 illo
861 722 923 783 rite
942 719 1006 799 fiet,

57 831 116 891 sed
137 829 195 890 ulie
215 839 247 887 et
267 827 395 888 meliore
415 825 544 888 rstione.
585 826 720 889 Proinde
741 827 932 890 sicutmeter
953 826 1006 889 de-

58 929 120 992 fert
139 927 287 990 infantem
309 926 342 987 in
363 926 558 1005 cubiculum,
578 929 671 1012 pouit
689 928 857 1002 incuses,
888 940 1008 991 nouut
1053 985 1055 989 .

59 1032 231 1105 moriatur,
261 1031 315 1091 sed
342 1044 377 1093 ut
408 1031 542 1095 dormiat
573 1045 604 1094 et
631 1033 771 1117 quiescat
791 1028 941 1105 suaviter,
962 1027 1034 1092 its'
1062 1100 1063 1108 ἵ

60 1148 130 1196 ente
151 1132 313 1197 Christum
335 1145 366 1195 et
386 1134 487 1196 multo
508 1135 611 1221 magis
624 1145 698 1218 post
715 1131 876 1196 Christum
888 1133 1009 1218 ingres·

62 1257 112 1298 sae
135 1248 205 1296 sunt
231 1247 261 1307 ct
287 1234 507 1318 ingrediuntur
533 1257 641 1301 omnes
667 1237 788 1300 enimse
818 1236 1023 1311 credentium,

60 1340 94 1402 in
115 1341 217 1400 sinum
238 1336 367 1403 Christi.
538 1326 543 1333 ’
863 1410 873 1419 .,

143 1442 350 1522 Disputsrunt
376 1459 504 1525 quoque
530 1438 567 1503 de
594 1439 798 1523 receptaculis
825 1440 1008 1523 suimsrum.

61 1541 257 1628 Augustinus
286 1543 389 1607 sbdits
410 1564 477 1606 esse
498 1542 583 1605 dicit·
600 1543 632 1604 iu
661 1540 840 1605 Euchiridio
867 1541 908 1604 ed
927 1540 1010 1625 Lsuf

61 1643 213 1719 rentium,
234 1645 291 1706 ubi
311 1647 431 1732 inquit:
453 1648 591 1729 Tempus
612 1658 731 1718 sutem,
753 1630 931 1728 quod'inter
952 1643 1010 1706 ho·
1081 1624 1086 1637 ¹

62 1747 156 1807 ruinis
185 1763 318 1811 mortem
347 1762 376 1811 et
403 1748 545 1824 ultimum
566 1744 825 1808 resurrectionem
847 1746 1011 1839 interposi:

63 1861 132 1908 tum
155 1861 216 1924 eet,
237 1848 487 1913 enimssubditis
516 1847 719 1930 receptaculis
746 1849 901 1935 contiust,
931 1850 1011 1912 sicut

62 1973 269 2034 unaquaeque
291 1952 389 2042 dignu
410 1969 455 2018 est
476 1954 523 2017 rel
537 1951 646 2037 requie
661 1940 710 2013 vel
725 1973 869 2014 uerumno
887 1973 946 2037 pro
960 1975 1011 2031 eo,

64 2054 152 2134 quod
174 2054 282 2116 sortita
302 2069 349 2117 est
368 2057 399 2116 in
420 2075 530 2125 cerne,
550 2075 621 2114 cum
642 2053 765 2118 vireret.
799 2053 1013 2173 Deprehendi-

63 2167 117 2214 tur
137 2154 182 2215 ihi
203 2155 398 2219 imbecillitas
418 2155 544 2221 humsoi
563 2157 757 2236 intellectum
780 2159 836 2222 sed
848 2157 1013 2243 respicicu-

63 2256 139 2317 dum
161 2240 208 2317 est
228 2259 267 2319 od
289 2259 418 2322 verbum
439 2273 471 2322 et
491 2260 749 2342 omnipotentism
770 2259 838 2322 Dei.
872 2257 907 2322 Si
928 2259 1031 2367 enirp,

63 2359 164 2421 tribus
195 2358 299 2445 digitis
326 2361 480 2454 ponderet
505 2362 628 2425 coelum
657 2375 688 2424 et
715 2375 828 2425 terrum
849 2358 952 2436 Dens,
978 2332 1014 2423 eit

65 2463 177 2526 Esaiae
196 2463 245 2531 40.
269 2475 320 2542 (r.
334 2469 405 2539 te)
433 2461 564 2539 dicitur,
592 2477 674 2528 certe
693 2464 823 2527 verbum
850 2462 917 2548 ejus
944 2460 1014 2523 lon-

67 2589 107 2649 ge
144 2569 245 2649 majus
279 2579 309 2631 et
346 2566 480 2650 emplius
516 2578 570 2629 est.
632 2563 775 2629 Verbum
804 2576 850 2626 est
877 2556 1013 2646 spetiem

66 2667 203 2730 infinitae
240 2669 470 2754 amplitudinis3
509 2667 582 2732 ideo
616 2668 810 2751 receptacula
840 2664 1013 2732 suims'rum

68 2784 141 2831 sunt
163 2772 289 2834 verbum
317 2772 377 2834 Dei
407 2770 470 2833 sire
490 2771 730 2853 promissiones,
756 2768 791 2830 in
824 2768 938 2853 quibus
959 2769 1014 2832 ob·

68 2871 251 2935 dormimus.
296 2873 379 2938 Leve
407 2873 533 2959 quidem
554 2886 585 2936 et
611 2871 687 2935 exile
714 2884 859 2955 apparet,
888 2871 1013 2956 qusndo

67 2997 125 3058 per
152 2996 186 3036 os
215 2975 351 3038 hominis
378 2975 615 3060 pronuntietur3
651 2972 705 3037 scd
733 2975 859 3059 quando
887 2954 958 3037 fide'
978 2974 1015 3038 id

70 3078 349 3159 apprehendimus,
371 3091 401 3141 et
420 3079 453 3139 in
473 3077 568 3140 verbo
590 3075 821 3155 obdormimus,
850 3077 933 3142 venit
952 3078 1015 3140 sui·

70 3201 121 3243 ma
141 3179 172 3240 in
196 3179 327 3261 spatium
350 3176 515 3243 infinitum.

151 3278 235 3341 Hoeo
264 3279 337 3341 dixi*
355 3282 394 3344 sd
421 3280 664 3365 compescendus
695 3280 902 3365 cogitationes
922 3279 1015 3345 inuti·

45 3442 51 3453 ,
68 3379 116 3440 les
137 3391 169 3440 et
189 3401 431 3461 supervacaneus
452 3383 593 3458 dehisce
609 3383 851 3469 quaestionibus.
877 3378 1014 3453 ‘Abunde

68 3485 152 3547 enim
174 3487 247 3547 sotis
269 3501 313 3548 est
335 3487 432 3564 scire,
452 3507 510 3549 nos
531 3507 657 3551 securos
676 3500 707 3550 st
733 3487 860 3572 quistos-
882 3487 1015 3571 emigro·

68 3612 102 3654 re
122 3590 156 3652 in
176 3590 279 3654 sinum
301 3588 434 3669 Christi,
454 3581 517 3654 boo
535 3598 601 3668 est,
623 3589 719 3656 verbo
747 3604 778 3653 st
803 3587 1015 3673 promissione
