2182 4050
389 195 565 280 genesis.
621 198 626 207 ’
897 200 962 269 337

7 336 127 405 soni·
153 355 280 407 uramur
300 363 347 419 ιο,
368 316 454 428 ἐμω
476 330 640 408 uteremur
661 346 693 405 tn
710 347 785 409 ouo.
809 347 895 410 suu
916 346 957 413 fe
1002 414 1005 419 ,

8 462 13 501 ;
38 440 163 523 Isaeo,
183 446 241 509 ubi
260 446 363 522 ridet,
389 469 422 512 se
451 444 565 511 hebere
585 469 692 532 picem
714 449 774 514 Dsi
793 452 956 531 beneficio,

8 568 43 609 us
75 549 206 625 stertit,
225 568 290 637 uon
312 550 524 640 corrumpitur
545 551 620 626 otio,
640 572 704 613 nou
720 552 822 614 studet
843 554 956 636 opibus
1066 550 1070 563 ’

8 644 221 726 mrilendi03
250 650 304 711 sed
332 651 376 711 ite
397 654 531 716 colluunt
551 666 691 736 tempus,
722 668 758 715 ut
785 655 957 738 plurimum

8 754 124 839 getii
149 753 245 816 sitin
266 744 346 813 otio:
369 752 395 814 si
418 756 546 838 quidem
568 756 666 818 otium
677 752 829 843 intelligit
850 759 956 821 dutum

8 872 14 914 .·
39 854 293 919 instituendam
315 856 472 919 ecclesium
494 870 627 942 propter
646 872 798 942 posteros.

69 956 177 1021 Idem
189 957 281 1019 nobis
296 952 471 1021 faciendum
490 972 545 1035 est,
561 962 760 1023 stertentibus
777 974 806 1022 et
820 960 957 1021 helluru-

8 1077 82 1120 »ιιι
105 1060 277 1123 Mousohis
298 1072 327 1121 et
350 1058 527 1137 Cuuonieis,
550 1063 603 1146 qui
625 1060 769 1124 fruuntur
785 1061 957 1142 tranquilli-

9 1168 63 1233 ιο,
91 1160 180 1236 otio,
201 1160 416 1224 soRehoboth
436 1179 465 1227 et
487 1167 578 1248 eopia
600 1166 738 1231 omnium
759 1186 872 1227 rerum.
895 1162 957 1225 Sed
1040 1200 1048 1221 t

9 1261 186 1324 udissime
207 1263 244 1325 iis
265 1268 412 1330 omuibus
432 1272 602 1334 abutuntur
616 1271 655 1332 ud
670 1268 882 1342 helluationes‚
905 1287 957 1328 vo·
1039 1286 1042 1291 ·

9 1376 143 1447 piatos
164 1378 195 1428 et
216 1369 322 1430 omniu
345 1369 462 1458 flagitis
484 1370 641 1446 satanica,
669 1390 740 1432 oum
770 1382 870 1431 tumen
892 1391 957 1431 non

40 1467 118 1529 hos
142 1490 219 1530 usus
241 1472 345 1535 colluti
367 1475 430 1537 sint
452 1474 587 1535 ecelesiis
608 1486 638 1534 et
660 1472 802 1555 collegiis
822 1472 957 1534 thesauri
1052 1504 1055 1509 ·

9 1582 234 1651 speratorum
255 1586 286 1635 et
306 1596 434 1660 regum,
465 1577 521 1638 sed
548 1578 586 1638 ed
608 1575 748 1637 exercitis
768 1575 892 1657 pietatis
913 1575 957 1634 in-

9 1668 162 1734 itusnds
184 1686 214 1734 et
228 1678 450 1752 conservande,
471 1690 505 1738 ut
518 1690 623 1739 nsotus
639 1682 747 1751 otium,
768 1677 848 1737 sieut
863 1679 956 1754 leuse,

10 1773 100 1837 tuis
133 1774 175 1837 iis
203 1776 243 1839 sd
262 1780 497 1864 repurgandum
525 1792 555 1841 st
576 1777 815 1862 propsgsudum
838 1781 956 1841 uultum

10 1876 69 1939 tei.
118 1877 178 1940 sie
197 1878 351 1943 Canonioi
372 1882 475 1965 legere
497 1901 581 1941 suoru
603 1891 632 1940 et
654 1878 771 1941 discere
793 1880 957 1956 debebunt,

10 1988 31 2039 t.
54 1989 92 2041 et
112 1979 181 2064 ipsi
201 1981 277 2043 ulios
299 1985 338 2046 de
353 1983 504 2068 religiono
525 1983 679 2055 docerent,
700 1994 736 2042 ut
751 1995 885 2059 urerent,
907 2007 957 2046 vu-

10 2094 113 2147 :mnt
133 2084 235 2163 ulturi,
256 2098 285 2149 et
304 2086 337 2147 in
358 2085 485 2147 nomine
506 2082 635 2146 Domini
654 2083 876 2167 praedicerent.

10 2232 138 2345 iisnit
157 2275 284 2327 sutem
311 2262 354 2325 ud
382 2284 469 2325 eum
489 2254 723 2325 Abimeleoh
745 2259 789 2323 d'e
811 2218 956 2336 Gerar,

11 2374 50 2450 ,rt
76 2364 275 2440 enarath,
308 2365 460 2427 amieos
488 2366 595 2447 ejus,
624 2375 739 2445 utque
766 2362 957 2441 Phiehol,

229 2465 423 2549 princeps
443 2465 622 2528 milities
642 2465 737 2547 ejus.

89 2590 246 2655 Convenit
266 2591 341 2652 haee
362 2590 492 2653 historie
513 2608 583 2652 oum
600 2588 781 2672 superiore,
808 2610 888 2674 quse
909 2608 957 2651 er-

11 2700 65 2777 :tst
92 2696 254 2776 usp-21„
285 2704 320 2754 ut
340 2690 405 2754 fere
430 2712 493 2755 uns
520 2703 552 2754 et
579 2692 683 2753 eudem
715 2712 781 2755 esse
810 2693 956 2754 videntur.

11 2792 91 2859 ,dnm
115 2809 148 2859 et
163 2795 213 2889 ibi
234 2796 413 2857 Abimeleeh
434 2808 466 2858 et
480 2792 635 2857 Abraham
656 2792 782 2882 litigent
802 2794 840 2855 de
860 2794 957 2869 sonte,

11 2904 27 2957 t
52 2898 245 2961 Abirueleeh
265 2912 388 2961 exousst
408 2898 615 2983 ignoruntium
637 2918 734 2971 suum,
756 2894 842 2980 quod
860 2917 892 2958 se
912 2895 957 2957 iu-

11 2998 71 3065 rio
93 2996 171 3063 fons
191 3002 231 3064 sit
250 3013 366 3085 ruptus.
389 2999 454 3064 Sed
468 3001 545 3063 bueo
564 2996 693 3062 historie
714 2996 830 3062 clarior
848 3012 906 3073 est,
928 3006 958 3059 et

12 3102 140 3187 :ponit
161 3104 371 3187 superiorem,
400 3102 473 3186 quis
494 3101 617 3167 additur
637 3100 758 3193 glossa,
787 3102 874 3183 quod
894 3098 962 3161 sues

12 3216 69 3267 nt
90 3202 201 3288 plures
229 3205 338 3269 fontes.
380 3207 518 3270 Pertinet
548 3220 651 3270 sutem
672 3207 733 3269 hou
762 3226 888 3290 quoque
917 3204 958 3268 ud

12 3304 260 3370 »nsotnionem
289 3310 385 3372 Isssut
422 3310 485 3392 jum
517 3307 600 3372 enim
633 3308 717 3369 Deus
747 3309 957 3390 promissione

22 3428 114 3472 num
135 3409 241 3486 erexit,
263 3408 409 3490 deditque
429 3412 537 3488 otium,
557 3422 592 3474 'ut
612 3423 718 3495 posset
738 3430 803 3473 esse
823 3410 858 3470 in
878 3420 958 3483 tuto,

12 3511 152 3573 toitsre
165 3513 261 3575 ultore
282 3527 311 3576 et
338 3508 587 3587 tubernaculum,
615 3530 680 3596 quo
701 3512 765 3573 otio
787 3513 830 3574 its
849 3513 958 3587 utitur,

12 3630 51 3673 t:-
64 3615 197 3677 miuimr
217 3617 335 3679 otiosus
356 3618 416 3691 sit,
443 3614 497 3678 ted
523 3612 636 3685 faeiat,
665 3613 752 3696 quod
771 3613 958 3697 Prophstsut

33 3727 160 3807 ‘uon-r
180 3727 230 3796 ορ.
251 3736 351 3799 sagn.
371 3726 422 3781 vot.
438 3723 482 3780 vt.
627 3715 670 3785 ut
