<?xml version="1.0" encoding="UTF-8"?>
<!DOCTYPE html PUBLIC "-//W3C//DTD XHTML 1.0 Transitional//EN"
    "http://www.w3.org/TR/xhtml1/DTD/xhtml1-transitional.dtd">
<html xmlns="http://www.w3.org/1999/xhtml" xml:lang="en" lang="en">
 <head>
  <title>
</title>
<meta http-equiv="Content-Type" content="text/html;charset=utf-8" />
  <meta name='ocr-system' content='tesseract 3.04.00' />
  <meta name='ocr-capabilities' content='ocr_page ocr_carea ocr_par ocr_line ocrx_word'/>
</head>
<body>
  <div class='ocr_page' id='page_1' title='image "./exegeticaoperal03luthgoog_0520.png"; bbox 0 0 2182 4050; ppageno 0'>
   <div class='ocr_carea' id='block_1_1' title="bbox 272 116 1051 247">
    <p class='ocr_par' dir='ltr' id='par_1_1' title="bbox 272 116 1051 247">
     <span class='ocr_line' id='line_1_1' title="bbox 272 116 1051 247; baseline 0.009 -28"><span class='ocrx_word' id='word_1_1' title='bbox 272 214 279 225; x_wconf 83' lang='lat'><em>.</em></span> <span class='ocrx_word' id='word_1_2' title='bbox 371 240 375 247; x_wconf 29' lang='grc' dir='ltr'>Ι</span> <span class='ocrx_word' id='word_1_3' title='bbox 444 155 623 242; x_wconf 77' lang='lat' dir='ltr'>genecio.</span> <span class='ocrx_word' id='word_1_4' title='bbox 690 116 705 145; x_wconf 16' lang='grc' dir='ltr'>γ’</span> <span class='ocrx_word' id='word_1_5' title='bbox 816 206 821 225; x_wconf 90' lang='grc'>.</span> <span class='ocrx_word' id='word_1_6' title='bbox 898 146 1051 225; x_wconf 78' lang='lat'><strong>&#39;187-</strong></span> 
     </span>
    </p>
   </div>
   <div class='ocr_carea' id='block_1_2' title="bbox 10 301 1061 3650">
    <p class='ocr_par' dir='ltr' id='par_1_2' title="bbox 10 301 1061 2230">
     <span class='ocr_line' id='line_1_2' title="bbox 58 301 1008 388; baseline 0.005 -25"><span class='ocrx_word' id='word_1_7' title='bbox 58 312 117 364; x_wconf 83' lang='lat' dir='ltr'>tee.</span> <span class='ocrx_word' id='word_1_8' title='bbox 159 301 192 367; x_wconf 83' lang='lat' dir='ltr'>Si</span> <span class='ocrx_word' id='word_1_9' title='bbox 214 305 295 367; x_wconf 87' lang='lat' dir='ltr'>euim</span> <span class='ocrx_word' id='word_1_10' title='bbox 314 305 448 388; x_wconf 71' lang='lat' dir='ltr'>percule</span> <span class='ocrx_word' id='word_1_11' title='bbox 468 316 588 369; x_wconf 76' lang='lat' dir='ltr'>tentum</span> <span class='ocrx_word' id='word_1_12' title='bbox 616 313 647 365; x_wconf 80' lang='lat' dir='ltr'>ot</span> <span class='ocrx_word' id='word_1_13' title='bbox 661 301 788 363; x_wconf 55' lang='lat' dir='ltr'>‘minute</span> <span class='ocrx_word' id='word_1_14' title='bbox 809 303 884 365; x_wconf 77' lang='lat' dir='ltr'>dero</span> <span class='ocrx_word' id='word_1_15' title='bbox 904 304 1008 383; x_wconf 78' lang='lat' dir='ltr'>vellet,</span> 
     </span>
     <span class='ocr_line' id='line_1_3' title="bbox 54 394 1009 493; baseline 0.004 -25"><span class='ocrx_word' id='word_1_16' title='bbox 54 394 125 469; x_wconf 59' lang='lat' dir='ltr'>&#39;nou</span> <span class='ocrx_word' id='word_1_17' title='bbox 152 410 397 493; x_wconf 71' lang='lat' dir='ltr'>praescripsisset</span> <span class='ocrx_word' id='word_1_18' title='bbox 424 407 556 471; x_wconf 82' lang='lat' dir='ltr'>formem</span> <span class='ocrx_word' id='word_1_19' title='bbox 583 404 696 469; x_wconf 78' lang='lat' dir='ltr'>orandi</span> <span class='ocrx_word' id='word_1_20' title='bbox 723 416 786 465; x_wconf 82' lang='lat' dir='ltr'>tem</span> <span class='ocrx_word' id='word_1_21' title='bbox 814 406 950 487; x_wconf 73' lang='lat' dir='ltr'>emplum</span> <span class='ocrx_word' id='word_1_22' title='bbox 978 423 1009 473; x_wconf 86' lang='lat' dir='ltr'>ct</span> 
     </span>
     <span class='ocr_line' id='line_1_4' title="bbox 60 505 1009 592; baseline 0.004 -24"><span class='ocrx_word' id='word_1_23' title='bbox 60 508 272 591; x_wconf 73' lang='lat' dir='ltr'>magnificem:</span> <span class='ocrx_word' id='word_1_24' title='bbox 304 511 394 575; x_wconf 80' lang='lat' dir='ltr'>Peter</span> <span class='ocrx_word' id='word_1_25' title='bbox 413 525 537 586; x_wconf 82' lang='lat' dir='ltr'>noster,</span> <span class='ocrx_word' id='word_1_26' title='bbox 566 507 672 592; x_wconf 81' lang='lat' dir='ltr'>quies</span> <span class='ocrx_word' id='word_1_27' title='bbox 693 505 727 567; x_wconf 87' lang='lat' dir='ltr'>in</span> <span class='ocrx_word' id='word_1_28' title='bbox 748 506 852 578; x_wconf 82' lang='lat' dir='ltr'>coelio,</span> <span class='ocrx_word' id='word_1_29' title='bbox 875 510 1009 572; x_wconf 79' lang='lat' dir='ltr'>eeitctifi-</span> 
     </span>
     <span class='ocr_line' id='line_1_5' title="bbox 60 612 1009 695; baseline 0.007 -26"><span class='ocrx_word' id='word_1_30' title='bbox 60 622 147 672; x_wconf 87' lang='lat' dir='ltr'>cetur</span> <span class='ocrx_word' id='word_1_31' title='bbox 168 632 281 673; x_wconf 87' lang='lat' dir='ltr'>nomen</span> <span class='ocrx_word' id='word_1_32' title='bbox 301 625 402 687; x_wconf 87' lang='lat' dir='ltr'>tuum,</span> <span class='ocrx_word' id='word_1_33' title='bbox 424 612 565 675; x_wconf 79' lang='lat' dir='ltr'>adveniet</span> <span class='ocrx_word' id='word_1_34' title='bbox 584 631 719 695; x_wconf 82' lang='lat' dir='ltr'>reguum</span> <span class='ocrx_word' id='word_1_35' title='bbox 739 619 827 670; x_wconf 87' lang='lat' dir='ltr'>tuum</span> <span class='ocrx_word' id='word_1_36' title='bbox 845 623 900 671; x_wconf 90' lang='lat' dir='ltr'>eto.</span> <span class='ocrx_word' id='word_1_37' title='bbox 924 613 1009 675; x_wconf 70' lang='lat' dir='ltr'>Deus</span> 
     </span>
     <span class='ocr_line' id='line_1_6' title="bbox 59 710 1008 797; baseline 0.008 -27"><span class='ocrx_word' id='word_1_38' title='bbox 59 732 124 771; x_wconf 90' lang='lat' dir='ltr'>nou</span> <span class='ocrx_word' id='word_1_39' title='bbox 146 724 190 771; x_wconf 83' lang='lat' dir='ltr'>eet</span> <span class='ocrx_word' id='word_1_40' title='bbox 211 712 323 774; x_wconf 87' lang='lat' dir='ltr'>Euclio</span> <span class='ocrx_word' id='word_1_41' title='bbox 346 726 399 776; x_wconf 83' lang='lat' dir='ltr'>aut</span> <span class='ocrx_word' id='word_1_42' title='bbox 418 712 486 776; x_wconf 87' lang='lat' dir='ltr'>Irue</span> <span class='ocrx_word' id='word_1_43' title='bbox 508 711 639 797; x_wconf 71' lang='lat' dir='ltr'>aliquio,</span> <span class='ocrx_word' id='word_1_44' title='bbox 667 710 722 773; x_wconf 85' lang='lat' dir='ltr'>ced</span> <span class='ocrx_word' id='word_1_45' title='bbox 742 713 892 795; x_wconf 81' lang='lat' dir='ltr'><strong>proponit</strong></span> <span class='ocrx_word' id='word_1_46' title='bbox 913 727 943 776; x_wconf 88' lang='lat' dir='ltr'>et</span> <span class='ocrx_word' id='word_1_47' title='bbox 964 714 1008 778; x_wconf 88' lang='lat' dir='ltr'>of-</span> 
     </span>
     <span class='ocr_line' id='line_1_7' title="bbox 60 792 1053 907; baseline 0.007 -33"><span class='ocrx_word' id='word_1_48' title='bbox 60 811 121 874; x_wconf 84' lang='lat' dir='ltr'>fert</span> <span class='ocrx_word' id='word_1_49' title='bbox 147 813 288 896; x_wconf 81' lang='lat' dir='ltr'><strong>ingentes</strong></span> <span class='ocrx_word' id='word_1_50' title='bbox 320 839 397 900; x_wconf 87' lang='lat' dir='ltr'>opeo</span> <span class='ocrx_word' id='word_1_51' title='bbox 433 831 463 881; x_wconf 93' lang='lat' dir='ltr'>et</span> <span class='ocrx_word' id='word_1_52' title='bbox 491 836 611 878; x_wconf 73' lang='lat' dir='ltr'>summu</span> <span class='ocrx_word' id='word_1_53' title='bbox 631 792 724 907; x_wconf 56' lang='lat' dir='ltr'>⁸douc¹</span> <span class='ocrx_word' id='word_1_54' title='bbox 751 812 784 875; x_wconf 87' lang='lat' dir='ltr'>iu</span> <span class='ocrx_word' id='word_1_55' title='bbox 813 815 901 877; x_wconf 89' lang='lat' dir='ltr'>coelo</span> <span class='ocrx_word' id='word_1_56' title='bbox 923 831 953 879; x_wconf 84' lang='lat' dir='ltr'>et</span> <span class='ocrx_word' id='word_1_57' title='bbox 973 819 1010 883; x_wconf 79' lang='lat' dir='ltr'>iu</span> <span class='ocrx_word' id='word_1_58' title='bbox 1048 856 1053 871; x_wconf 50' lang='lat' dir='ltr'>x</span> 
     </span>
     <span class='ocr_line' id='line_1_8' title="bbox 10 904 1008 1005; baseline 0.009 -31"><span class='ocrx_word' id='word_1_59' title='bbox 10 928 13 935; x_wconf 88' lang='grc'><strong><em>·</em></strong></span> <span class='ocrx_word' id='word_1_60' title='bbox 61 927 158 975; x_wconf 77' lang='lat' dir='ltr'>terra:</span> <span class='ocrx_word' id='word_1_61' title='bbox 186 937 219 976; x_wconf 78' lang='lat' dir='ltr'>ec</span> <span class='ocrx_word' id='word_1_62' title='bbox 248 918 374 985; x_wconf 86' lang='lat' dir='ltr'>vult·tc</span> <span class='ocrx_word' id='word_1_63' title='bbox 401 933 507 1005; x_wconf 88' lang='lat' dir='ltr'>petere</span> <span class='ocrx_word' id='word_1_64' title='bbox 534 931 565 982; x_wconf 87' lang='lat' dir='ltr'>et</span> <span class='ocrx_word' id='word_1_65' title='bbox 585 928 769 997; x_wconf 76' lang='lat' dir='ltr'>exspectare.</span> <span class='ocrx_word' id='word_1_66' title='bbox 811 916 846 978; x_wconf 86' lang='lat' dir='ltr'>ln</span> <span class='ocrx_word' id='word_1_67' title='bbox 870 904 1008 1002; x_wconf 80' lang='lat' dir='ltr'>quelibet</span> 
     </span>
     <span class='ocr_line' id='line_1_9' title="bbox 10 1018 1008 1109; baseline 0.008 -32"><span class='ocrx_word' id='word_1_68' title='bbox 10 1079 13 1089; x_wconf 74' lang='grc'><strong>,</strong></span> <span class='ocrx_word' id='word_1_69' title='bbox 61 1018 144 1078; x_wconf 88' lang='lat' dir='ltr'>enim</span> <span class='ocrx_word' id='word_1_70' title='bbox 159 1023 353 1100; x_wconf 79' lang='lat' dir='ltr'>precatione:</span> <span class='ocrx_word' id='word_1_71' title='bbox 375 1020 591 1109; x_wconf 81' lang='lat' dir='ltr'>Sanctificetur</span> <span class='ocrx_word' id='word_1_72' title='bbox 607 1042 723 1083; x_wconf 81' lang='lat' dir='ltr'>nomeu</span> <span class='ocrx_word' id='word_1_73' title='bbox 743 1031 842 1093; x_wconf 81' lang='lat' dir='ltr'>tuum,</span> <span class='ocrx_word' id='word_1_74' title='bbox 864 1022 1008 1085; x_wconf 79' lang='lat' dir='ltr'>adveniet</span> 
     </span>
     <span class='ocr_line' id='line_1_10' title="bbox 10 1123 1008 1207; baseline 0.008 -28"><span class='ocrx_word' id='word_1_75' title='bbox 10 1131 12 1136; x_wconf 73' lang='lat'><strong><em>‘</em></strong></span> <span class='ocrx_word' id='word_1_76' title='bbox 60 1140 194 1203; x_wconf 82' lang='lat' dir='ltr'>regnum</span> <span class='ocrx_word' id='word_1_77' title='bbox 214 1134 312 1199; x_wconf 90' lang='lat' dir='ltr'>tuum,</span> <span class='ocrx_word' id='word_1_78' title='bbox 333 1123 386 1188; x_wconf 84' lang='lat' dir='ltr'>fiet</span> <span class='ocrx_word' id='word_1_79' title='bbox 406 1128 549 1190; x_wconf 76' lang='lat' dir='ltr'>voluntas</span> <span class='ocrx_word' id='word_1_80' title='bbox 562 1136 626 1197; x_wconf 84' lang='lat' dir='ltr'>tue,</span> <span class='ocrx_word' id='word_1_81' title='bbox 647 1142 761 1204; x_wconf 82' lang='lat' dir='ltr'>penem</span> <span class='ocrx_word' id='word_1_82' title='bbox 776 1138 917 1184; x_wconf 85' lang='lat' dir='ltr'>noctrum</span> <span class='ocrx_word' id='word_1_83' title='bbox 933 1147 1008 1207; x_wconf 87' lang='lat' dir='ltr'>quo-</span> 
     </span>
     <span class='ocr_line' id='line_1_11' title="bbox 10 1204 1009 1305; baseline 0.007 -24"><span class='ocrx_word' id='word_1_84' title='bbox 10 1204 16 1243; x_wconf 67' lang='lat'>³·</span> <span class='ocrx_word' id='word_1_85' title='bbox 60 1220 213 1283; x_wconf 82' lang='lat' dir='ltr'>tidiunum</span> <span class='ocrx_word' id='word_1_86' title='bbox 234 1225 274 1286; x_wconf 82' lang='lat' dir='ltr'>de</span> <span class='ocrx_word' id='word_1_87' title='bbox 293 1227 385 1291; x_wconf 86' lang='lat' dir='ltr'>nobie</span> <span class='ocrx_word' id='word_1_88' title='bbox 405 1227 499 1290; x_wconf 90' lang='lat' dir='ltr'>hodie</span> <span class='ocrx_word' id='word_1_89' title='bbox 512 1238 568 1288; x_wconf 85' lang='lat' dir='ltr'>etc.</span> <span class='ocrx_word' id='word_1_90' title='bbox 590 1221 864 1305; x_wconf 77' lang='lat' dir='ltr'>comprehenditur</span> <span class='ocrx_word' id='word_1_91' title='bbox 885 1226 1009 1288; x_wconf 87' lang='lat' dir='ltr'>coelum</span> 
     </span>
     <span class='ocr_line' id='line_1_12' title="bbox 13 1312 1010 1415; baseline 0.008 -32"><span class='ocrx_word' id='word_1_92' title='bbox 13 1312 18 1346; x_wconf 66' lang='lat'>³</span> <span class='ocrx_word' id='word_1_93' title='bbox 61 1336 91 1383; x_wconf 91' lang='lat' dir='ltr'>et</span> <span class='ocrx_word' id='word_1_94' title='bbox 113 1337 194 1385; x_wconf 81' lang='lat' dir='ltr'>terre</span> <span class='ocrx_word' id='word_1_95' title='bbox 215 1337 245 1386; x_wconf 91' lang='lat' dir='ltr'>et</span> <span class='ocrx_word' id='word_1_96' title='bbox 266 1333 387 1406; x_wconf 79' lang='lat' dir='ltr'>omniu,</span> <span class='ocrx_word' id='word_1_97' title='bbox 414 1328 549 1415; x_wconf 79' lang='lat' dir='ltr'>quaein</span> <span class='ocrx_word' id='word_1_98' title='bbox 570 1326 606 1387; x_wconf 85' lang='lat' dir='ltr'>iio</span> <span class='ocrx_word' id='word_1_99' title='bbox 627 1337 709 1386; x_wconf 86' lang='lat' dir='ltr'>eunt.</span> <span class='ocrx_word' id='word_1_100' title='bbox 752 1325 839 1407; x_wconf 78' lang='lat' dir='ltr'>Quid</span> <span class='ocrx_word' id='word_1_101' title='bbox 860 1330 948 1407; x_wconf 30' lang='lat' dir='ltr'>enim·</span> <span class='ocrx_word' id='word_1_102' title='bbox 964 1341 1010 1391; x_wconf 81' lang='lat' dir='ltr'>eet</span> 
     </span>
     <span class='ocr_line' id='line_1_13' title="bbox 60 1424 1028 1511; baseline 0.006 -24"><span class='ocrx_word' id='word_1_103' title='bbox 60 1425 248 1490; x_wconf 77' lang='lat' dir='ltr'>sanctificari</span> <span class='ocrx_word' id='word_1_104' title='bbox 269 1453 384 1495; x_wconf 83' lang='lat' dir='ltr'>nomeu</span> <span class='ocrx_word' id='word_1_105' title='bbox 397 1431 468 1505; x_wconf 87' lang='lat' dir='ltr'>Dei,</span> <span class='ocrx_word' id='word_1_106' title='bbox 489 1427 633 1491; x_wconf 78' lang='lat' dir='ltr'>advenire</span> <span class='ocrx_word' id='word_1_107' title='bbox 651 1447 794 1511; x_wconf 81' lang='lat' dir='ltr'>regnum,</span> <span class='ocrx_word' id='word_1_108' title='bbox 815 1424 883 1489; x_wconf 85' lang='lat' dir='ltr'>fieri</span> <span class='ocrx_word' id='word_1_109' title='bbox 900 1430 1028 1493; x_wconf 71' lang='lat' dir='ltr'>volum.</span> 
     </span>
     <span class='ocr_line' id='line_1_14' title="bbox 10 1520 1009 1616; baseline 0.008 -26"><span class='ocrx_word' id='word_1_110' title='bbox 10 1520 12 1531; x_wconf 54' lang='lat'><strong>¹</strong></span> <span class='ocrx_word' id='word_1_111' title='bbox 60 1542 154 1591; x_wconf 82' lang='lat' dir='ltr'>tutem</span> <span class='ocrx_word' id='word_1_112' title='bbox 176 1531 266 1613; x_wconf 76' lang='lat' dir='ltr'>ejus?</span> <span class='ocrx_word' id='word_1_113' title='bbox 307 1533 367 1597; x_wconf 81' lang='lat' dir='ltr'>Est</span> <span class='ocrx_word' id='word_1_114' title='bbox 393 1544 589 1616; x_wconf 78' lang='lat' dir='ltr'>prosternere</span> <span class='ocrx_word' id='word_1_115' title='bbox 616 1526 758 1590; x_wconf 78' lang='lat' dir='ltr'>infinitos</span> <span class='ocrx_word' id='word_1_116' title='bbox 778 1528 951 1611; x_wconf 80' lang='lat' dir='ltr'>Diaboloe,</span> <span class='ocrx_word' id='word_1_117' title='bbox 978 1547 1009 1598; x_wconf 86' lang='lat' dir='ltr'>et</span> 
     </span>
     <span class='ocr_line' id='line_1_15' title="bbox 58 1629 1061 1709; baseline 0.004 -14"><span class='ocrx_word' id='word_1_118' title='bbox 58 1646 162 1696; x_wconf 88' lang='lat' dir='ltr'>totum</span> <span class='ocrx_word' id='word_1_119' title='bbox 183 1635 335 1695; x_wconf 87' lang='lat' dir='ltr'>muudum</span> <span class='ocrx_word' id='word_1_120' title='bbox 356 1633 481 1696; x_wconf 72' lang='lat' dir='ltr'>haurire</span> <span class='ocrx_word' id='word_1_121' title='bbox 501 1654 563 1695; x_wconf 80' lang='lat' dir='ltr'>unu</span> <span class='ocrx_word' id='word_1_122' title='bbox 579 1630 728 1694; x_wconf 83' lang='lat' dir='ltr'>oratioue.</span> <span class='ocrx_word' id='word_1_123' title='bbox 750 1629 884 1695; x_wconf 79' lang='lat' dir='ltr'>Sericos</span> <span class='ocrx_word' id='word_1_124' title='bbox 902 1659 1009 1709; x_wconf 77' lang='lat' dir='ltr'>eumue</span> <span class='ocrx_word' id='word_1_125' title='bbox 1058 1654 1061 1661; x_wconf 89' lang='grc'>·</span> 
     </span>
     <span class='ocr_line' id='line_1_16' title="bbox 59 1731 1010 1820; baseline -0.009 -21"><span class='ocrx_word' id='word_1_126' title='bbox 59 1737 186 1820; x_wconf 78' lang='lat' dir='ltr'>angusti</span> <span class='ocrx_word' id='word_1_127' title='bbox 213 1737 347 1819; x_wconf 75' lang='lat' dir='ltr'>pectoris</span> <span class='ocrx_word' id='word_1_128' title='bbox 369 1749 399 1799; x_wconf 88' lang='lat' dir='ltr'>et</span> <span class='ocrx_word' id='word_1_129' title='bbox 418 1734 585 1798; x_wconf 75' lang='lat' dir='ltr'>imbecillis</span> <span class='ocrx_word' id='word_1_130' title='bbox 613 1731 696 1795; x_wconf 86' lang='lat' dir='ltr'>fidei.</span> <span class='ocrx_word' id='word_1_131' title='bbox 737 1731 812 1803; x_wconf 80' lang='lat' dir='ltr'>ldeo¹</span> <span class='ocrx_word' id='word_1_132' title='bbox 833 1735 893 1799; x_wconf 90' lang='lat' dir='ltr'>hoc</span> <span class='ocrx_word' id='word_1_133' title='bbox 913 1759 1010 1801; x_wconf 88' lang='lat' dir='ltr'>exem.</span> 
     </span>
     <span class='ocr_line' id='line_1_17' title="bbox 60 1822 1009 1921; baseline 0.007 -24"><span class='ocrx_word' id='word_1_134' title='bbox 60 1839 153 1921; x_wconf 90' lang='lat' dir='ltr'>plum</span> <span class='ocrx_word' id='word_1_135' title='bbox 183 1822 321 1900; x_wconf 77' lang='lat' dir='ltr'>accurate</span> <span class='ocrx_word' id='word_1_136' title='bbox 348 1837 566 1913; x_wconf 74' lang='lat' dir='ltr'>observemus,</span> <span class='ocrx_word' id='word_1_137' title='bbox 593 1849 624 1899; x_wconf 89' lang='lat' dir='ltr'>et</span> <span class='ocrx_word' id='word_1_138' title='bbox 639 1837 820 1912; x_wconf 72' lang='lat' dir='ltr'>discemus,</span> <span class='ocrx_word' id='word_1_139' title='bbox 849 1843 1009 1921; x_wconf 86' lang='lat' dir='ltr'>quomodo</span> 
     </span>
     <span class='ocr_line' id='line_1_18' title="bbox 59 1932 1010 2025; baseline -0.009 -22"><span class='ocrx_word' id='word_1_140' title='bbox 59 1942 150 2003; x_wconf 79' lang='lat' dir='ltr'>Deus</span> <span class='ocrx_word' id='word_1_141' title='bbox 173 1963 237 2003; x_wconf 88' lang='lat' dir='ltr'>nou</span> <span class='ocrx_word' id='word_1_142' title='bbox 258 1942 299 2003; x_wconf 85' lang='lat' dir='ltr'>sit</span> <span class='ocrx_word' id='word_1_143' title='bbox 319 1953 481 2005; x_wconf 78' lang='lat' dir='ltr'>contentus</span> <span class='ocrx_word' id='word_1_144' title='bbox 502 1939 653 2023; x_wconf 76' lang='lat' dir='ltr'>pauxillo,</span> <span class='ocrx_word' id='word_1_145' title='bbox 674 1939 796 2000; x_wconf 77' lang='lat' dir='ltr'>temetsi</span> <span class='ocrx_word' id='word_1_146' title='bbox 816 1962 874 2002; x_wconf 83' lang='lat' dir='ltr'>uoe</span> <span class='ocrx_word' id='word_1_147' title='bbox 893 1932 1010 2025; x_wconf 84' lang='lat' dir='ltr'>peucu.</span> 
     </span>
     <span class='ocr_line' id='line_1_19' title="bbox 58 2039 1011 2131; baseline 0.002 -26"><span class='ocrx_word' id='word_1_148' title='bbox 58 2044 93 2105; x_wconf 83' lang='lat' dir='ltr'>lu</span> <span class='ocrx_word' id='word_1_149' title='bbox 114 2056 266 2124; x_wconf 81' lang='lat' dir='ltr'>petemus,</span> <span class='ocrx_word' id='word_1_150' title='bbox 288 2044 342 2106; x_wconf 84' lang='lat' dir='ltr'>sed</span> <span class='ocrx_word' id='word_1_151' title='bbox 362 2043 434 2125; x_wconf 83' lang='lat' dir='ltr'>plue</span> <span class='ocrx_word' id='word_1_152' title='bbox 456 2043 517 2117; x_wconf 80' lang='lat' dir='ltr'>dut,</span> <span class='ocrx_word' id='word_1_153' title='bbox 539 2063 633 2126; x_wconf 82' lang='lat' dir='ltr'>quom</span> <span class='ocrx_word' id='word_1_154' title='bbox 653 2059 712 2100; x_wconf 83' lang='lat' dir='ltr'>noc</span> <span class='ocrx_word' id='word_1_155' title='bbox 731 2039 936 2131; x_wconf 75' lang='lat' dir='ltr'>intelligimus</span> <span class='ocrx_word' id='word_1_156' title='bbox 957 2060 1011 2111; x_wconf 80' lang='lat' dir='ltr'>eut</span> 
     </span>
     <span class='ocr_line' id='line_1_20' title="bbox 59 2134 997 2230; baseline 0.002 -22"><span class='ocrx_word' id='word_1_157' title='bbox 59 2161 165 2230; x_wconf 87' lang='lat' dir='ltr'>petere</span> <span class='ocrx_word' id='word_1_158' title='bbox 186 2148 354 2222; x_wconf 79' lang='lat' dir='ltr'>audemus,</span> <span class='ocrx_word' id='word_1_159' title='bbox 375 2145 491 2229; x_wconf 86' lang='lat' dir='ltr'>Ephes.</span> <span class='ocrx_word' id='word_1_160' title='bbox 513 2146 543 2211; x_wconf 86' lang='grc'>3.</span> <span class='ocrx_word' id='word_1_161' title='bbox 565 2155 608 2216; x_wconf 82' lang='lat' dir='ltr'>(v.</span> <span class='ocrx_word' id='word_1_162' title='bbox 629 2145 707 2217; x_wconf 74' lang='lat'><strong>20.).</strong></span> <span class='ocrx_word' id='word_1_163' title='bbox 835 2149 838 2153; x_wconf 69' lang='grc'><em>’</em></span> <span class='ocrx_word' id='word_1_164' title='bbox 994 2134 997 2139; x_wconf 35' lang='lat'>¹</span> 
     </span>
    </p>

    <p class='ocr_par' dir='ltr' id='par_1_3' title="bbox 61 2242 1013 3650">
     <span class='ocr_line' id='line_1_21' title="bbox 143 2242 1012 2333; baseline 0.001 -23"><span class='ocrx_word' id='word_1_165' title='bbox 143 2247 206 2310; x_wconf 86' lang='lat' dir='ltr'>Sed</span> <span class='ocrx_word' id='word_1_166' title='bbox 226 2248 387 2309; x_wconf 78' lang='lat' dir='ltr'>rideamus</span> <span class='ocrx_word' id='word_1_167' title='bbox 407 2246 507 2311; x_wconf 69' lang='lat' dir='ltr'>‚rerba</span> <span class='ocrx_word' id='word_1_168' title='bbox 527 2244 723 2308; x_wconf 81' lang='lat' dir='ltr'>Petrierchee</span> <span class='ocrx_word' id='word_1_169' title='bbox 743 2242 824 2307; x_wconf 81' lang='lat' dir='ltr'>Sem.¹</span> <span class='ocrx_word' id='word_1_170' title='bbox 867 2248 1012 2333; x_wconf 77' lang='lat' dir='ltr'>Quetuor.</span> 
     </span>
     <span class='ocr_line' id='line_1_22' title="bbox 63 2345 1012 2433; baseline 0.009 -21"><span class='ocrx_word' id='word_1_171' title='bbox 63 2350 146 2412; x_wconf 88' lang='lat' dir='ltr'>cuim</span> <span class='ocrx_word' id='word_1_172' title='bbox 167 2349 437 2432; x_wconf 88' lang='lat' dir='ltr'>complectuntur,</span> <span class='ocrx_word' id='word_1_173' title='bbox 464 2368 544 2430; x_wconf 76' lang='lat' dir='ltr'>quoe</span> <span class='ocrx_word' id='word_1_174' title='bbox 565 2346 705 2432; x_wconf 87' lang='lat' dir='ltr'>primum</span> <span class='ocrx_word' id='word_1_175' title='bbox 725 2345 869 2433; x_wconf 77' lang='lat' dir='ltr'>legaliter</span> <span class='ocrx_word' id='word_1_176' title='bbox 888 2367 1012 2423; x_wconf 77' lang='lat' dir='ltr'>tuntum.</span> 
     </span>
     <span class='ocr_line' id='line_1_23' title="bbox 63 2446 1011 2533; baseline 0.011 -20"><span class='ocrx_word' id='word_1_177' title='bbox 63 2451 260 2533; x_wconf 74' lang='lat' dir='ltr'>accipiemus.</span> <span class='ocrx_word' id='word_1_178' title='bbox 301 2450 440 2512; x_wconf 85' lang='lat' dir='ltr'>Primum</span> <span class='ocrx_word' id='word_1_179' title='bbox 462 2449 553 2513; x_wconf 82' lang='lat' dir='ltr'>dicit:</span> <span class='ocrx_word' id='word_1_180' title='bbox 574 2446 683 2522; x_wconf 87' lang='lat' dir='ltr'>„Sunt</span> <span class='ocrx_word' id='word_1_181' title='bbox 701 2448 735 2510; x_wconf 87' lang='lat' dir='ltr'>iu</span> <span class='ocrx_word' id='word_1_182' title='bbox 753 2463 843 2515; x_wconf 86' lang='lat' dir='ltr'>utero</span> <span class='ocrx_word' id='word_1_183' title='bbox 864 2467 917 2520; x_wconf 87' lang='lat' dir='ltr'>tuo</span> <span class='ocrx_word' id='word_1_184' title='bbox 933 2457 1011 2522; x_wconf 79' lang='lat' dir='ltr'>duee</span> 
     </span>
     <span class='ocr_line' id='line_1_24' title="bbox 64 2551 1010 2647; baseline 0.01 -33"><span class='ocrx_word' id='word_1_185' title='bbox 64 2565 171 2637; x_wconf 83' lang='lat' dir='ltr'>gentes</span> <span class='ocrx_word' id='word_1_186' title='bbox 180 2561 210 2627; x_wconf 85' lang='lat'>“‚</span> <span class='ocrx_word' id='word_1_187' title='bbox 231 2565 261 2616; x_wconf 87' lang='lat' dir='ltr'>et</span> <span class='ocrx_word' id='word_1_188' title='bbox 274 2564 347 2615; x_wconf 85' lang='lat' dir='ltr'>cunt</span> <span class='ocrx_word' id='word_1_189' title='bbox 365 2553 429 2636; x_wconf 86' lang='lat' dir='ltr'>jam</span> <span class='ocrx_word' id='word_1_190' title='bbox 444 2571 550 2612; x_wconf 84' lang='lat' dir='ltr'>corum</span> <span class='ocrx_word' id='word_1_191' title='bbox 570 2551 638 2612; x_wconf 88' lang='lat' dir='ltr'>Deo</span> <span class='ocrx_word' id='word_1_192' title='bbox 658 2562 770 2630; x_wconf 78' lang='lat' dir='ltr'>tautae,</span> <span class='ocrx_word' id='word_1_193' title='bbox 792 2570 924 2638; x_wconf 66' lang='lat' dir='ltr'>querum</span> <span class='ocrx_word' id='word_1_194' title='bbox 943 2579 1010 2647; x_wconf 72' lang='lat' dir='ltr'>cose</span> 
     </span>
     <span class='ocr_line' id='line_1_25' title="bbox 64 2644 1010 2733; baseline -0.001 -17"><span class='ocrx_word' id='word_1_195' title='bbox 64 2655 232 2716; x_wconf 86' lang='lat' dir='ltr'>debebunt.</span> <span class='ocrx_word' id='word_1_196' title='bbox 274 2653 336 2718; x_wconf 84' lang='lat' dir='ltr'>Sed</span> <span class='ocrx_word' id='word_1_197' title='bbox 356 2651 411 2715; x_wconf 88' lang='lat' dir='ltr'>ubi</span> <span class='ocrx_word' id='word_1_198' title='bbox 430 2651 498 2715; x_wconf 81' lang='lat' dir='ltr'>neti</span> <span class='ocrx_word' id='word_1_199' title='bbox 517 2663 547 2714; x_wconf 88' lang='lat' dir='ltr'>et</span> <span class='ocrx_word' id='word_1_200' title='bbox 566 2650 664 2731; x_wconf 80' lang='lat' dir='ltr'>adulti</span> <span class='ocrx_word' id='word_1_201' title='bbox 684 2644 812 2733; x_wconf 78' lang='lat' dir='ltr'>fierint,</span> <span class='ocrx_word' id='word_1_202' title='bbox 840 2672 914 2725; x_wconf 76' lang='lat' dir='ltr'>tuno</span> <span class='ocrx_word' id='word_1_203' title='bbox 934 2664 1010 2728; x_wconf 66' lang='lat' dir='ltr'>divi.</span> 
     </span>
     <span class='ocr_line' id='line_1_26' title="bbox 64 2755 1010 2841; baseline 0.007 -21"><span class='ocrx_word' id='word_1_204' title='bbox 64 2759 186 2820; x_wconf 85' lang='lat' dir='ltr'>dentur.</span> <span class='ocrx_word' id='word_1_205' title='bbox 204 2758 291 2819; x_wconf 83' lang='lat' dir='ltr'>Haeo</span> <span class='ocrx_word' id='word_1_206' title='bbox 311 2756 406 2819; x_wconf 80' lang='lat' dir='ltr'>ultera</span> <span class='ocrx_word' id='word_1_207' title='bbox 419 2776 493 2838; x_wconf 83' lang='lat' dir='ltr'>pure</span> <span class='ocrx_word' id='word_1_208' title='bbox 510 2767 576 2819; x_wconf 82' lang='lat' dir='ltr'>eet:</span> <span class='ocrx_word' id='word_1_209' title='bbox 597 2755 778 2839; x_wconf 70' lang='lat' dir='ltr'>promissio,</span> <span class='ocrx_word' id='word_1_210' title='bbox 799 2760 884 2841; x_wconf 86' lang='lat' dir='ltr'>quod</span> <span class='ocrx_word' id='word_1_211' title='bbox 903 2760 1010 2826; x_wconf 88' lang='lat' dir='ltr'>Edom</span> 
     </span>
     <span class='ocr_line' id='line_1_27' title="bbox 64 2844 1011 2942; baseline 0.005 -23"><span class='ocrx_word' id='word_1_212' title='bbox 64 2871 96 2920; x_wconf 90' lang='lat' dir='ltr'>et</span> <span class='ocrx_word' id='word_1_213' title='bbox 115 2859 208 2922; x_wconf 81' lang='lat' dir='ltr'>Iacob</span> <span class='ocrx_word' id='word_1_214' title='bbox 237 2861 300 2921; x_wconf 90' lang='lat' dir='ltr'>duo</span> <span class='ocrx_word' id='word_1_215' title='bbox 330 2859 445 2942; x_wconf 91' lang='lat' dir='ltr'>populi</span> <span class='ocrx_word' id='word_1_216' title='bbox 471 2856 567 2921; x_wconf 80' lang='lat' dir='ltr'>futuri</span> <span class='ocrx_word' id='word_1_217' title='bbox 592 2857 670 2936; x_wconf 84' lang='lat' dir='ltr'>cint,</span> <span class='ocrx_word' id='word_1_218' title='bbox 703 2859 797 2923; x_wconf 77' lang='lat' dir='ltr'>clirici</span> <span class='ocrx_word' id='word_1_219' title='bbox 827 2844 1011 2942; x_wconf 79' lang='lat' dir='ltr'>curuclitel,</span> 
     </span>
     <span class='ocr_line' id='line_1_28' title="bbox 61 2958 1012 3045; baseline 0.005 -21"><span class='ocrx_word' id='word_1_220' title='bbox 61 2961 232 3024; x_wconf 79' lang='lat' dir='ltr'>Edomitue</span> <span class='ocrx_word' id='word_1_221' title='bbox 260 2974 290 3023; x_wconf 89' lang='lat' dir='ltr'>et</span> <span class='ocrx_word' id='word_1_222' title='bbox 309 2960 480 3037; x_wconf 65' lang='lat' dir='ltr'>lercelitue,</span> <span class='ocrx_word' id='word_1_223' title='bbox 509 2958 587 3024; x_wconf 71' lang='lat' dir='ltr'>sicut</span> <span class='ocrx_word' id='word_1_224' title='bbox 618 2960 772 3045; x_wconf 75' lang='lat' dir='ltr'>scriptura</span> <span class='ocrx_word' id='word_1_225' title='bbox 793 2977 894 3029; x_wconf 78' lang='lat' dir='ltr'>cuncte</span> <span class='ocrx_word' id='word_1_226' title='bbox 921 2976 1012 3028; x_wconf 75' lang='lat' dir='ltr'>tectu·</span> 
     </span>
     <span class='ocr_line' id='line_1_29' title="bbox 63 3063 1011 3153; baseline 0.012 -30"><span class='ocrx_word' id='word_1_227' title='bbox 63 3074 125 3123; x_wconf 89' lang='lat' dir='ltr'>tur.</span> <span class='ocrx_word' id='word_1_228' title='bbox 166 3063 241 3124; x_wconf 88' lang='lat' dir='ltr'>Non</span> <span class='ocrx_word' id='word_1_229' title='bbox 261 3076 364 3125; x_wconf 80' lang='lat' dir='ltr'>autem</span> <span class='ocrx_word' id='word_1_230' title='bbox 386 3077 477 3127; x_wconf 90' lang='lat' dir='ltr'>eruut</span> <span class='ocrx_word' id='word_1_231' title='bbox 496 3063 555 3131; x_wconf 82' lang='lat' dir='ltr'>mh</span> <span class='ocrx_word' id='word_1_232' title='bbox 574 3071 640 3127; x_wconf 77' lang='lat' dir='ltr'>urio</span> <span class='ocrx_word' id='word_1_233' title='bbox 660 3064 777 3147; x_wconf 79' lang='lat' dir='ltr'>cupite,</span> <span class='ocrx_word' id='word_1_234' title='bbox 805 3068 860 3129; x_wconf 86' lang='lat' dir='ltr'>sed</span> <span class='ocrx_word' id='word_1_235' title='bbox 880 3080 1011 3153; x_wconf 85' lang='lat' dir='ltr'>uterque</span> 
     </span>
     <span class='ocr_line' id='line_1_30' title="bbox 65 3163 1011 3253; baseline 0.008 -28"><span class='ocrx_word' id='word_1_236' title='bbox 65 3184 154 3225; x_wconf 80' lang='lat' dir='ltr'>suem</span> <span class='ocrx_word' id='word_1_237' title='bbox 175 3166 311 3252; x_wconf 84' lang='lat' dir='ltr'>gloriam</span> <span class='ocrx_word' id='word_1_238' title='bbox 332 3163 476 3241; x_wconf 77' lang='lat' dir='ltr'>habebit,</span> <span class='ocrx_word' id='word_1_239' title='bbox 495 3179 532 3228; x_wconf 92' lang='lat' dir='ltr'>ut</span> <span class='ocrx_word' id='word_1_240' title='bbox 550 3165 697 3250; x_wconf 82' lang='lat' dir='ltr'>princepe</span> <span class='ocrx_word' id='word_1_241' title='bbox 718 3165 766 3226; x_wconf 82' lang='lat' dir='ltr'>oui</span> <span class='ocrx_word' id='word_1_242' title='bbox 786 3167 909 3253; x_wconf 87' lang='lat' dir='ltr'>populi.</span> <span class='ocrx_word' id='word_1_243' title='bbox 949 3168 1011 3233; x_wconf 78' lang='lat' dir='ltr'>Hc-</span> 
     </span>
     <span class='ocr_line' id='line_1_31' title="bbox 64 3263 1013 3351; baseline 0.014 -28"><span class='ocrx_word' id='word_1_244' title='bbox 64 3263 183 3324; x_wconf 83' lang='lat' dir='ltr'>hebuut</span> <span class='ocrx_word' id='word_1_245' title='bbox 203 3265 293 3326; x_wconf 81' lang='lat' dir='ltr'>etiem</span> <span class='ocrx_word' id='word_1_246' title='bbox 313 3264 468 3331; x_wconf 77' lang='lat' dir='ltr'>institutae</span> <span class='ocrx_word' id='word_1_247' title='bbox 489 3268 699 3344; x_wconf 76' lang='lat' dir='ltr'>oeconomice,</span> <span class='ocrx_word' id='word_1_248' title='bbox 718 3268 844 3351; x_wconf 84' lang='lat' dir='ltr'>politice</span> <span class='ocrx_word' id='word_1_249' title='bbox 865 3282 896 3333; x_wconf 88' lang='lat' dir='ltr'>et</span> <span class='ocrx_word' id='word_1_250' title='bbox 916 3272 1013 3336; x_wconf 84' lang='lat' dir='ltr'>ecolo-</span> 
     </span>
     <span class='ocr_line' id='line_1_32' title="bbox 65 3365 1011 3453; baseline 0.011 -27"><span class='ocrx_word' id='word_1_251' title='bbox 65 3365 147 3441; x_wconf 81' lang='lat' dir='ltr'>eiec,</span> <span class='ocrx_word' id='word_1_252' title='bbox 167 3367 221 3428; x_wconf 83' lang='lat' dir='ltr'>sed</span> <span class='ocrx_word' id='word_1_253' title='bbox 242 3368 300 3428; x_wconf 88' lang='lat' dir='ltr'>erit</span> <span class='ocrx_word' id='word_1_254' title='bbox 320 3369 425 3453; x_wconf 79' lang='lat' dir='ltr'>aliquo</span> <span class='ocrx_word' id='word_1_255' title='bbox 445 3368 626 3434; x_wconf 76' lang='lat' dir='ltr'>differentia.</span> <span class='ocrx_word' id='word_1_256' title='bbox 665 3370 854 3433; x_wconf 80' lang='lat' dir='ltr'>Divideutur</span> <span class='ocrx_word' id='word_1_257' title='bbox 872 3371 958 3435; x_wconf 87' lang='lat' dir='ltr'>enim</span> <span class='ocrx_word' id='word_1_258' title='bbox 976 3372 1011 3436; x_wconf 84' lang='lat' dir='ltr'>iu</span> 
     </span>
     <span class='ocr_line' id='line_1_33' title="bbox 65 3468 1012 3559; baseline 0.005 -27"><span class='ocrx_word' id='word_1_259' title='bbox 65 3470 203 3532; x_wconf 80' lang='lat' dir='ltr'>diversae</span> <span class='ocrx_word' id='word_1_260' title='bbox 223 3469 409 3556; x_wconf 73' lang='lat' dir='ltr'>religiones,</span> <span class='ocrx_word' id='word_1_261' title='bbox 428 3472 571 3556; x_wconf 80' lang='lat' dir='ltr'>politice,</span> <span class='ocrx_word' id='word_1_262' title='bbox 595 3475 666 3559; x_wconf 82' lang='lat' dir='ltr'>jure</span> <span class='ocrx_word' id='word_1_263' title='bbox 685 3487 717 3537; x_wconf 86' lang='lat' dir='ltr'>et</span> <span class='ocrx_word' id='word_1_264' title='bbox 736 3473 831 3557; x_wconf 75' lang='lat' dir='ltr'>legen.</span> <span class='ocrx_word' id='word_1_265' title='bbox 873 3468 1012 3537; x_wconf 83' lang='lat' dir='ltr'>Credibi-</span> 
     </span>
     <span class='ocr_line' id='line_1_34' title="bbox 64 3572 1011 3650; baseline 0.008 -16"><span class='ocrx_word' id='word_1_266' title='bbox 64 3573 96 3635; x_wconf 84' lang='lat' dir='ltr'>le</span> <span class='ocrx_word' id='word_1_267' title='bbox 117 3572 203 3635; x_wconf 87' lang='lat' dir='ltr'>enim</span> <span class='ocrx_word' id='word_1_268' title='bbox 224 3584 286 3650; x_wconf 81' lang='lat' dir='ltr'>cot,</span> <span class='ocrx_word' id='word_1_269' title='bbox 313 3574 399 3641; x_wconf 77' lang='lat' dir='ltr'>Erec</span> <span class='ocrx_word' id='word_1_270' title='bbox 429 3598 465 3641; x_wconf 83' lang='lat' dir='ltr'>ex</span> <span class='ocrx_word' id='word_1_271' title='bbox 486 3578 582 3643; x_wconf 88' lang='lat' dir='ltr'>domo</span> <span class='ocrx_word' id='word_1_272' title='bbox 601 3576 746 3643; x_wconf 70' lang='lat' dir='ltr'>Abrehec</span> <span class='ocrx_word' id='word_1_273' title='bbox 772 3573 879 3641; x_wconf 81' lang='lat' dir='ltr'>tulieee</span> <span class='ocrx_word' id='word_1_274' title='bbox 907 3596 1011 3642; x_wconf 79' lang='lat' dir='ltr'>eccum</span> 
     </span>
    </p>
   </div>
   <div class='ocr_carea' id='block_1_3' title="bbox 0 0 1101 4050">
    <p class='ocr_par' dir='ltr' id='par_1_4' title="bbox 0 0 1101 4050">
     <span class='ocr_line' id='line_1_35' title="bbox 0 0 1101 4050; baseline 0 0"><span class='ocrx_word' id='word_1_275' title='bbox 0 0 1101 4050; x_wconf 95' lang='lat' dir='ltr'> </span> 
     </span>
    </p>
   </div>
  </div>
 </body>
</html>
