2182 4050
104 159 163 223 186
269 152 527 247 Vigeaimum
548 154 735 237 quintum
758 160 899 233 caput

102 303 229 385 omnia.
255 302 334 387 quid
352 302 446 364 tum-i)
457 298 589 383 3Ruaat
605 325 698 379 ¹aaaaaa
728 315 848 365 tamen
868 309 943 363 tuae
960 318 1045 381 preca

100 404 314 493 impatpabunt
332 403 423 489 pluo,
451 425 544 488 quam
562 406 663 489 petia.¹
694 390 772 488 ipae
797 401 894 467 enim
914 401 1045 483 promitit,

102 521 133 569 et
154 508 254 569 oratio
275 518 380 570 coatia
399 507 477 590 petit
497 520 568 597 apta
588 506 691 583 omnia
713 519 746 569 et
767 517 849 567 autc
867 504 1044 597 noatrarmtla

101 604 371 671 annotificationem
391 608 527 672 nominis
540 609 601 672 Dei
621 622 651 672 et
670 607 961 671 conservationem
979 611 1046 691 regni

99 709 169 771 Dei.
192 709 273 773 Utut
291 708 389 794 igitur
409 709 516 772 omnia
536 711 697 793 desperata
718 721 810 783 aunt,
838 720 872 770 et
894 729 957 769 noa
977 710 1046 773 etiam

100 812 152 875 hic
172 811 383 885 occideremur
403 831 532 887 omnea,
552 825 652 874 tameo
673 811 761 888 acio,
784 809 982 877 advertariia
999 833 1046 895 per·

101 898 240 1001 euadum
264 935 352 999 nesae:
388 910 441 979 Sia
468 914 570 978 eolleu
591 917 759 991 laetanter,
793 914 877 1001 quia
899 912 998 975 oratio
1014 936 1046 977 u·

97 1016 207 1079 audita
229 1030 302 1079 eat.·

181 1115 236 1181 Sic
254 1116 354 1201 igitur'
372 1117 550 1181 Rebeccam
570 1120 752 1183 consolatur
775 1115 881 1181 Sem:
912 1114 982 1177 Tua
999 1134 1046 1179 ora

99 1220 154 1297 tio,
177 1240 196 1281 o
212 1218 365 1291 Rebecca,
386 1217 551 1301 opulenter
572 1233 601 1281 ct
614 1240 706 1302 cupra
718 1240 857 1282 omnem
869 1217 1046 1280 intellectum

99 1322 243 1385 exaudita
264 1331 319 1383 eat.
340 1317 402 1409 'l'u¹
415 1344 514 1384 unum
534 1316 635 1383 filium
652 1320 793 1402 petivisti
816 1342 836 1381 a
862 1318 1010 1395 Domino,
1024 1335 1046 1383 et

58 1468 63 1477 ·
98 1428 163 1511 jam
183 1426 216 1487 in
241 1424 304 1501 hoo
323 1423 467 1508 periculo
499 1435 620 1485 tantum
642 1424 731 1507 oppia
753 1423 904 1488 feliciter
933 1434 964 1485 et
983 1424 1045 1486 aalu

98 1527 309 1612 vitupere1'03
336 1525 400 1588 imo
413 1536 564 1605 ¹contenta
584 1545 683 1601 eaaea,
703 1525 729 1587 si
751 1525 869 1615 acirea,
893 1527 1045 1591 orationem

99 1639 185 1692 tuam
205 1630 381 1694 exauditam
400 1648 475 1691 asae.
510 1625 576 1691 Sed
596 1626 636 1687 aia
656 1625 741 1690 hono
764 1625 888 1717 auimo
910 1639 943 1691 et
963 1650 1043 1693 accan

101 1731 140 1795 da
160 1746 262 1815 partu.
284 1732 370 1795 Deua
382 1729 464 1794 euim
484 1742 514 1792 te
535 1726 696 1802 exaudivit,
715 1740 748 1791 ct
766 1729 961 1813 orationem
979 1742 1041 1794 tuam

99 1834 260 1917 praeclara
279 1834 445 1918 iutelligit:
467 1833 516 1895 Tu
536 1829 669 1895 filiolum
689 1851 792 1893 unum
816 1844 879 1895 aut
895 1830 992 1895 filiam
1007 1857 1042 1917 pa

98 1935 210 2009 tiviati3
239 1957 306 1998 eam
335 1937 515 2019 petitionem
544 1934 612 2015 ipae
641 1931 837 2010 cumulabit,
871 1949 905 1998 et
938 1940 1038 2025 augebit

99 2039 263 2119 uberrime.
293 2037 502 2122 ,Quomodoi‘
541 2035 656 2113 „Duae
685 2046 794 2117 goulet
817 2038 957 2127 aunt'iu
975 2053 1040 2103 utero

98 2154 155 2204 tuo
166 2148 186 2177 “
208 2154 266 2203 eto.
287 2141 324 2203 ld
336 2141 483 2204 nimirum
505 2152 560 2214 eat,
582 2136 754 2201 orationem
775 2139 968 2203 exauditam
986 2164 1041 2207 ease.

97 2243 174 2307 Non
194 2242 277 2305 euim
295 2243 358 2305 aluo
374 2241 441 2320 filii,
462 2243 517 2304 aed
538 2241 600 2303 duo
613 2239 818 2317 Patriarehac.
829 2242 966 2304 maximi
980 2259 1041 2322 aunt,

100 2368 180 2429 quoa
199 2345 312 2426 pariet.
355 2345 429 2409 Ideo
449 2364 514 2408 uon
535 2354 651 2403 tantum
673 2343 711 2405 da
731 2340 799 2403 filio
826 2347 992 2409 nascendo
1009 2370 1042 2410 ex·

98 2449 205 2511 audita
224 2459 270 2511 eet
291 2447 402 2523 oratio,
422 2446 478 2509 aed
498 2458 529 2507 et
549 2446 588 2508 de
607 2442 791 2527 posteaitate
815 2445 964 2507 duorum
982 2445 1041 2511 filio·

97 2573 187 2629 rum,
209 2551 248 2615 de
265 2548 391 2635 ..duabus
412 2544 535 2632 magnit
556 2546 710 2635 gentibue.
752 2543 831 2607 ideo
856 2569 902 2609 ne
925 2548 1042 2631 disputa

97 2673 137 2715 ne
169 2652 314 2735 despera:
351 2671 418 2712 non
448 2663 557 2735 geataa.
577 2660 753 2713 monstrum
782 2660 842 2709 aut
870 2647 1042 2727 Diaboleno

99 2755 187 2838 quod
208 2774 243 2815 ex
262 2754 318 2839 illa
337 2738 500 2817 cilliaione
518 2751 552 2815 in
571 2765 660 2817 utero
681 2752 789 2813 timere
812 2752 974 2834 potuisti;
1003 2756 1045 2819 aei

98 2858 164 2942 jam
185 2876 217 2920 ea
239 2868 336 2917 mater
357 2855 493 2919 duorum
513 2855 958 2937 maximorum-populorum.

176 2957 222 3019 lta
248 2957 315 3041 ipsa
343 2969 462 3018 tantum
484 2957 583 3019 oravit
609 2978 668 3040 pro
690 2955 752 3019 vita
781 2957 841 3021 aua
865 2957 999 3035 attilii,
1022 2970 1046 3023 et
1090 3009 1091 3024 1

96 3061 243 3146 impetrat
263 3061 356 3122 vitam
377 3061 513 3123 duorum
532 3060 780 3143 Patriaachanuua
805 3073 837 3143 et
857 3061 1046 3144 posteritatis

96 3185 214 3227 eorum.
233 3162 542 3245 Petivitteruucium²
558 3163 743 3247 etinapetrat
753 3174 902 3247 mopiam
914 3187 1046 3241 aureum,

96 3270 183 3353 quod
210 3289 267 3331 ueo
294 3287 417 3349 operare
439 3286 496 3329 nac
525 3266 652 3349 creuere
680 3285 754 3327 auia
781 3262 900 3351 foeteat,
946 3267 1047 3332 Voluit

94 3373 179 3433 enim
208 3390 275 3432 ease
304 3371 479 3431 orationem
496 3370 681 3452 ,modeotaua
707 3381 738 3457 et
761 3369 912 3455 modico.
928 3350 1046 3434 conteo

94 3484 177 3537 tam:
204 3472 283 3534 sicut
312 3491 372 3561 poa
400 3473 536 3535 colemus
563 3471 655 3537 exilia
683 3485 714 3535 et
742 3471 865 3535 minuta
899 3470 1045 3558 flagitare,

95 3596 158 3638 uec·
174 3575 359 3659 cogitamua,
380 3594 452 3639 oum
468 3586 584 3657 quauta
599 3575 756 3661 majestate
769 3573 951 3659 loquamur
964 3597 1045 3641 orau-
