2182 4050
291 242 300 263 ,
426 147 620 277 {genesin
735 198 739 209 ·
919 98 996 247 ktte

63 336 87 381 tr
105 318 227 385 deiude
250 321 347 386 etiam
366 324 584 409 temporaliter
601 296 823 400 beuedioensio,
845 336 994 408 ntgeue·

63 434 111 485 ret
131 423 313 491 duodeoins
334 425 447 505 duoe03
468 447 514 488 ao·
526 423 657 489 dubium
678 442 744 484 nou
765 436 822 500 est,
844 425 993 494 ditiorem
1015 436 1018 447 '

64 536 146 587 uum
176 525 349 613 lamuelem
376 513 578 597 Abraham:
611 525 682 608 ipss
708 524 791 588 euim
827 526 991 593 duodecim

64 647 127 690 roes
147 648 188 691 ex
208 652 247 693 se
268 642 358 694 netes
378 631 456 699 vidit
463 653 473 708 3
501 629 559 695 sed
578 626 721 693 Abrabae
740 630 906 712 posteritas
925 651 991 695 uou

64 732 206 797 rsnbite
228 736 344 812 erevit,
372 754 549 819 quenquam
576 742 685 816 poetes
709 751 745 795 ex
764 745 878 816 nepote
897 732 990 799 Inoob
1023 774 1026 787 ·

64 835 200 899 nodedun
221 837 329 899 tribus
350 849 440 900 usus
460 848 564 904 sunt..

112 937 279 1001 Diseinuue
298 940 409 1024 igitur,
429 961 522 1026 quem
542 948 655 1021 potens
675 931 858 996 saoriiioium
877 932 919 995 sit
932 951 989 995 oor

64 1037 217 1114 nutritum,
240 1053 273 1104 et
294 1064 389 1126 quesn
409 1041 479 1107 Deo
501 1054 610 1129 gretes
629 1036 741 1100 furens·
753 1058 808 1100 seu
827 1037 988 1099 incensum

65 1138 286 1204 thuurilietio.
326 1141 411 1207 Vere
439 1143 522 1207 eninr
545 1143 687 1206 Pselrnue
708 1142 794 1218 (tte,
817 1145 882 1216 19.)
902 1139 988 1215 dicit.

65 1250 136 1305 'eun
156 1241 263 1305 funere
284 1243 476 1309 voluntatem
496 1246 670 1311 timentium
690 1264 732 1306 se.
767 1243 810 1305 Hi
830 1243 911 1304 euim
932 1240 988 1304 ho·

65 1340 119 1409 im
140 1355 284 1407 aeneum
303 1346 372 1410 Deo
402 1346 545 1429 offerunt.
589 1345 653 1430 Qui
681 1364 756 1408 vero
777 1353 988 1429 praesumunt,

65 1464 92 1507 ns
110 1444 315 1511 abominatur
334 1447 439 1528 Deus;
468 1468 533 1514 son
560 1449 644 1514 euim
670 1445 791 1513 invenit
816 1442 903 1530 epod
929 1449 986 1506 eoi

65 1547 279 1611 anmrbilern
300 1549 463 1638 genitu..

109 1650 279 1716 Horribile
299 1667 402 1717 eutem
422 1665 479 1731 est,
506 1652 593 1736 quoti
613 1651 679 1715 iere
699 1667 822 1731 temper
841 1644 887 1709 sio
906 1644 986 1709 eooi-
1013 1680 1017 1687 ·

65 1750 145 1829 ‘nne
161 1755 339 1837 posteritas
360 1758 539 1844 degeneret
582 1754 655 1839 Quo
680 1749 828 1816 reciderit
845 1748 984 1833 populus

66 1854 145 1932 nel,
172 1856 297 1921 dooeut
317 1864 365 1922 tot
390 1858 579 1921 calamitates
606 1869 637 1921 et
662 1844 871 1942 captivitates3
900 1871 984 1914 exer·
1043 1924 1048 1935 Ι

66 1955 107 2019 uit
120 1955 203 2020 enirn
223 1979 281 2022 eos
301 1960 484 2024 ismaelitica
503 1959 704 2044 praesumtio.
727 1957 811 2042 Quia
830 1956 912 2020 enim
932 1955 983 2017 he·

66 2059 143 2122 eisnt
162 2061 303 2125 verbum
323 2074 354 2125 et
373 2063 543 2147 templum,
569 2062 642 2126 ideo
671 2071 760 2124 erent
779 2059 898 2134 securi,
924 2078 983 2120 neo

67 2160 214 2226 etuebent
235 2163 378 2243 ruiuem,
405 2178 438 2231 et
456 2166 554 2231 libere
572 2186 638 2227 uon
658 2164 762 2227 solutu
781 2148 924 2245 petenti(¹
935 2159 983 2222 in·

66 2263 224 2348 algebant,
252 2267 308 2329 sed
333 2268 425 2332 etiem
445 2291 544 2333 noros
563 2268 725 2355 fingebant
744 2267 853 2330 nultus.
896 2264 984 2327 Idem

67 2365 140 2427 cidit
160 2370 340 2448 posteritati
359 2372 513 2450 lamuelis,
540 2394 637 2456 quent,
654 2370 794 2433 videmus
815 2379 910 2429 totam
930 2365 983 2429 eit

67 2481 171 2552 rptem
191 2468 228 2532 iu
248 2473 350 2557 gloria
371 2477 504 2540 earnalia
523 2475 700 2539 nativitatis.
727 2472 800 2536 Ideo
821 2469 907 2536 enim
927 2466 981 2532 Se·

67 2590 161 2633 uenos
183 2594 218 2635 so
241 2587 273 2637 et
292 2597 359 2640 nou
378 2578 560 2666 Hagerenos
582 2576 789 2659 appellarunt.

108 2672 202 2737 Fieri
224 2684 327 2740 antem
348 2700 414 2740 uon
433 2692 556 2763 potest,
577 2681 655 2767 quin
675 2677 747 2741 tulis
766 2674 855 2753 ruine
874 2682 982 2757 sequa·

66 2796 90 2849 rs
111 2773 172 2838 ubi
191 2776 336 2844 doctrine
361 2781 436 2844 hseo
454 2782 573 2845 abolita
593 2792 655 2856 est,
684 2776 770 2864 quod
784 2770 917 2840 'tentum
944 2798 982 2839 ex

67 2877 152 2954 atie,
181 2891 213 2941 et
232 2901 298 2942 nou
319 2903 356 2944 ex
375 2895 487 2946 nature
507 2884 602 2946 eimue
623 2879 688 2945 filii.
730 2879 880 2966 Sequitur
900 2882 981 2943 euim

68 2980 150 3041 »time
169 2986 391 3068 consequentia
418 3007 455 3050 ex
474 2987 535 3053 hoo
567 2984 769 3049 antecedente
795 2980 879 3043 iliud
906 3001 981 3044 oon·

68 3105 182 3166 quone,
204 3086 292 3168 quod
311 3100 420 3150 nature
441 3108 548 3151 omnes
569 3110 676 3151 eumue
695 3084 756 3148 filii
776 3085 857 3159 irae,
879 3096 919 3159 et,
940 3085 980 3144 ai-

68 3186 250 3250 ttPselnuns
264 3193 313 3255 51.
335 3202 379 3264 (r.
398 3196 446 3266 7.)
468 3192 606 3267 affirmat,
625 3188 711 3274 quod
726 3186 822 3249 simne
837 3188 979 3270 oouoepti

86 3291 240 3373 pennatis,
268 3290 328 3353 hoo
349 3294 528 3378 est,·qnod
555 3310 657 3361 mnae
685 3290 829 3370 seminis,
856 3313 892 3354 ex
918 3311 980 3376 que

68 3389 207 3466 ιεοίωιιτ,
228 3389 269 3453 sit
288 3393 396 3475 pitiets
414 3405 553 3480 peoeato.

114 3490 197 3555 sunt
229 3490 354 3575 quidem
388 3495 570 3560 excellentie
597 3499 631 3560 in
663 3470 774 3562 uatuie
801 3497 883 3562 dous
911 3508 977 3560 tans

69 3594 195 3679 trporie,
224 3607 291 3661 tunt
317 3597 433 3664 seinis
462 3598 519 3665 sed
549 3598 625 3682 quid
653 3597 738 3664 Deos
766 3603 976 3685 pronuntiat?
