2182 4050
467 175 662 256 genesis.
717 160 726 175 ’
966 118 1050 249 stiffi

87 316 163 431 quod
181 317 338 381 muudum
367 331 401 382 et
429 278 612 386 ihcrcdulce
631 300 814 384 damnabit.
837 265 1026 413 Magnitudo

81 420 155 483 mim
184 420 309 502 peccati
335 422 487 507 aestimari
515 437 618 506 potest
647 446 682 486 ex
710 428 925 512 magnitudine
952 453 1026 519 pro-

79 523 256 613 massionis,
275 523 457 608 juramenti,
479 526 765 610 oppignerationis,
791 530 1025 614 imprecationis

78 600 203 689 dinnao.
309 656 319 667 =

151 724 220 804 Qui
248 724 349 808 igitur
375 722 514 806 aliquam
542 730 591 786 val
620 684 760 805 exiguam
787 738 924 814 guttam,
958 731 1023 788 siro

78 822 243 909 scintillam
269 821 404 887 fiduciae
439 825 529 886 istius
556 825 726 906 spiritualis
754 827 863 901 hahet,
893 826 1024 900 noverit,

78 934 138 987 tere
164 902 420 986 benedictionem
442 924 501 985 Dei
522 938 553 985 et
573 929 690 989 donum
713 928 876 1010 singulare.
899 926 1023 1008 Quodsi

78 1021 203 1089 imiter
224 1038 255 1087 et
272 1023 487 1087 indubitanter
514 1027 667 1108 ejusmodi
689 1022 950 1112 promissionibus
970 1030 1023 1091 ad·

77 1127 284 1211 sortiremur,
303 1125 402 1209 longe
423 1126 525 1209 majus
545 1130 647 1192 robur
664 1132 775 1192 animis
792 1132 912 1217 =nostris
932 1131 1023 1192 adde-

77 1243 173 1305 retur,
196 1250 291 1313 quam
312 1240 348 1289 ut
368 1228 536 1302 mundum,
565 1243 624 1291 aut·
636 1232 819 1310 Diabolum,
840 1248 1022 1296 automno·

77 1320 178 1417 portas
199 1330 376 1394 inferorum
395 1324 643 1394 formidaremus.

97 1450 103 1455 ·
149 1432 225 1497 ldeo
246 1433 370 1516 saepius
390 1429 548 1516 agitantur
577 1434 652 1512 ista,
682 1445 718 1496 ut
747 1439 867 1498 animos
895 1451 1020 1499 nostros

77 1537 310 1611 muniremus,
342 1546 374 1595 et
401 1532 585 1615 incipiamus
614 1539 784 1622 aliquando
813 1541 1021 1601 discursuum

77 1636 307 1721 Atptabann'ia
328 1637 445 1699 saltam.
466 1635 621 1701 Doctores
640 1641 725 1701 enim
748 1639 920 1701 etllabbi
910 1664 943 1702 ιιι
964 1640 1020 1702 hao

78 1738 220 1821 sapientia
242 1760 404 1820 uunquam
428 1737 559 1816 erimua3
588 1743 707 1803 utinam
738 1741 881 1824 discipuli
903 1740 1020 1803 Christi

81 1860 215 1905 numus.
261 1836 393 1910 Deinde.
403 1853 439 1900 ut
464 1843 706 1914 meminerimus,
728 1844 914 1925 scripturam
923 1864 1020 1903 aano-

84 1954 134 2007 tu
156 1944 197 2007 de
227 1944 298 2006 aliis
327 1956 358 2005 at
385 1943 481 2029 longe
510 1945 743 2008 sublimioribus
771 1943 864 2005 rebus
896 1944 1018 2017 docere,

87 2066 161 2129 pem
194 2059 280 2109 arms
308 2059 339 2108 at
358 2046 432 2108 libri
466 2046 678 2129 philosophici
718 2048 839 2115 docent.
889 2047 938 2106 llli
972 2046 1019 2106 ni-

81 2146 114 2209 tt
132 2146 237 2212 sciunt
266 2149 305 2210 de
322 2148 473 2209 immensa
499 2149 713 2214 misericordia
734 2163 763 2211 et
785 2150 926 2210 veritate:
954 2169 1019 2208 non

81 2247 255 2335 intelligunt
273 2250 520 2333 magnitudinem
542 2253 667 2333 peccati,
690 2273 753 2334 quic
776 2252 844 2314 Deo
867 2250 1019 2313 mendacii

79 2354 183 2417 simsu
203 2353 394 2436 impingitur
414 2351 454 2412 ab
476 2353 619 2414 omnibus
640 2354 829 2415 hominibus.
871 2353 1019 2438 lgnorant

75 2458 145 2520 tm'm
167 2458 415 2539 promissiones,
437 2476 515 2540 quas
536 2455 594 2518 Dei
614 2453 766 2518 beneficio
788 2454 946 2516 habemus.

141 2558 324 2644 Diligenter
356 2557 455 2642 igitur
483 2560 558 2622 haec
585 2560 678 2621 rerba
708 2556 872 2641 juramenti
901 2555 1019 2636 ponde·

75 2663 160 2727 oudo
181 2672 269 2725 sunt.
300 2659 392 2721 Deus
411 2676 518 2725 monet
538 2682 612 2735 nos,
633 2674 668 2721 ut
689 2659 944 2722 clementissimus
966 2679 1018 2740 po·

75 2786 123 2841 er,
146 2767 319 2842 sollicitat,
339 2765 488 2847 impellit,
517 2764 755 2848 quibuscunque
776 2762 877 2823 modia
906 2772 1018 2843 potest,
1047 2792 1053 2801 ·

74 2868 232 2942 tromittit,
252 2869 355 2951 jurat,
387 2887 419 2928 so
440 2868 543 2948 ipsum
564 2869 689 2950 pignori
711 2866 845 2949 opponit
866 2888 934 2957 curn
957 2863 1017 2938 sui,

74 2967 284 3033 eliceretita
296 2968 406 3045 (licere,
428 2971 646 3046 exsecratione,
668 2985 785 3033 tanturn
803 2970 1017 3032 ntuedanua.

144 3071 211 3135 Sed
232 3094 341 3134 omnes
362 3070 461 3133 sancti
482 3071 532 3134 hic
551 3071 787 3135 laboraverunt:
817 3071 931 3135 Paulus
952 3091 1016 3130 non

74 3168 179 3235 instra
203 3166 278 3236 dicit
305 3175 346 3236 ed
367 3176 589 3247 Titum1.((.r
612 3181 675 3245 20:
707 3177 799 3260 „Qui
823 3195 888 3236 non
909 3170 1018 3233 menti·

74 3296 130 3351 ιιι,
150 3272 278 3336 Dens‘fl
321 3276 442 3339 Forsan
472 3288 503 3338 et
531 3276 600 3357 ipse
620 3289 752 3339 tentatus
773 3293 802 3341 et
822 3281 952 3339 luctatus
973 3285 1019 3338 est

73 3396 134 3439 tom
155 3376 216 3436 illa
237 3374 428 3453 dubitatione
449 3381 486 3443 de
509 3379 718 3441 misericordia
741 3393 772 3440 et
792 3380 923 3461 varitate·
939 3376 1018 3439 divi·

73 3501 112 3554 ιι,
134 3478 228 3563 quati
250 3478 378 3543 discreta
409 3480 558 3543 Promisit
577 3480 681 3551 Dena3
711 3481 766 3541 scd
797 3481 931 3542 mundas
951 3499 1017 3538 non

73 3584 129 3671 mlt
150 3582 296 3649 credere:
322 3583 387 3647 imo
409 3583 568 3671 mihiipsi
589 3583 712 3645 difficile
734 3595 779 3644 eat
799 3582 923 3645 vincere
944 3578 1018 3643 dilli-
