2182 4050
400 150 584 244 genesis-³
778 186 782 193 ·
916 154 975 245 189
1003 114 1023 209 i.

26 312 117 375 Sem:
145 309 217 386 En,
244 327 313 371 mes
331 305 491 383 Rebeooa,
519 323 579 389 pro
606 314 636 366 te
656 301 773 380 orasti,
799 311 830 366 et
858 312 977 367 tuntum

26 427 59 476 te
81 426 110 477 et
130 412 255 495 prolem
276 422 363 493 turm
380 406 495 493 optasti
515 406 632 469 salvum
652 423 737 481 erse,
758 404 814 477 seri
823 405 975 490 promitto

25 517 85 579 tibi
106 515 204 601 longe
225 510 352 593 majore.
393 510 546 575 Habitum
576 529 608 573 es
628 527 694 571 nou
714 518 833 571 tontum
847 507 977 585 <uitiosus

24 620 163 703 prolem,
185 614 239 678 sed
260 613 340 675 duos
360 609 443 675 filios
464 626 495 677 et
505 613 598 678 doses
619 608 976 705 duorumpopuiorum3

26 733 188 805 praeterea
208 712 368 797 utriusque
388 726 500 777 statum
521 727 551 779 et
572 714 784 780 conditionem
813 707 870 774 tibi
890 708 978 773 Deue

29 819 197 907 significet,
217 831 252 880 ut
272 816 368 892 suits,
390 816 512 900 qualem
533 816 577 881 sis
597 817 740 883 habiture
754 814 979 901 posteritatem,

29 928 121 991 etium
142 934 215 1007 post
235 919 357 984 obitum
384 930 487 981 tuum=
518 941 601 1009 uuus
629 918 759 996 fortior,
787 917 867 981 ulter
892 915 979 979 iufir-

28 1030 109 1091 mior
129 1026 162 1087 in
182 1020 289 1108 politis
310 1033 340 1083 et
360 1018 530 1105 religione,
558 1022 614 1085 sed
634 1021 738 1085 minor
757 1017 895 1104 popuiue
915 1040 979 1115 mu:

28 1130 117 1193 nebit
137 1129 246 1189 haeres
267 1136 297 1188 et
320 1121 476 1184 dominus.
498 1120 627 1189 Fortior
646 1145 711 1187 uon
722 1121 881 1213 opprimet
890 1143 981 1211 prore

29 1255 81 1294 sus
109 1227 331 1302 infirmiorem,
355 1225 420 1287 imo
448 1224 500 1289 hio
529 1225 742 1313 dominabitur
772 1221 831 1315 ill}
878 1224 980 1315 igitur

29 1357 96 1398 non
118 1334 220 1395 solum
241 1326 334 1391 hsbes
354 1346 518 1409 personum
538 1342 624 1395 tuam
651 1341 682 1393 et
707 1338 832 1411 portum
859 1331 981 1417 salsum

29 1455 61 1504 et
81 1438 283 1507 ineolumem,
304 1429 358 1492 sed
379 1418 563 1512 descriptim
585 1450 712 1515 quoque
731 1429 891 1498 historiam
906 1434 983 1499 out

27 1560 130 1625 usquo
150 1534 247 1620 partis
268 1532 307 1594 sd
328 1550 453 1592 omnem
473 1531 685 1612 posteritatem
704 1530 737 1595 iu
756 1529 924 1600 infinitum.
969 1592 975 1607 ,

111 1642 194 1704 Haec
214 1636 309 1722 igitur
329 1633 364 1697 iu
384 1644 523 1705 nostram
543 1633 719 1699 doetriusm
744 1647 774 1699 et
793 1638 982 1705 consolatio·

28 1769 103 1808 nem
136 1743 332 1812 scribuntur,
364 1747 401 1797 ut
429 1732 585 1799 discamus
613 1756 702 1821 orote
728 1739 824 1821 plenu
848 1738 981 1823 fiduois,

30 1871 92 1911 neo
113 1847 310 1929 desperemus
330 1849 384 1901 sut
403 1836 578 1903 dubitemus
598 1836 637 1901 de
657 1840 863 1921 exauditione.
902 1842 984 1909 Ore·

28 1951 76 2010 tio
99 1948 183 2009 enim
204 1966 384 2028 quanquam
405 1953 514 2007 contre
544 1954 574 2005 et
593 1926 691 2025 supro
714 1939 907 2015 intellectum
926 1943 983 2025 fit,

29 2064 137 2112 tumen
158 2069 221 2109 uon
243 2057 289 2107 est
309 2043 411 2105 irritu:
444 2040 520 2124 quis
539 2041 624 2105 Deus
646 2062 713 2107 uon
732 2046 802 2117 vult
820 2069 855 2109 eu
876 2060 983 2113 oootu·

31 2153 126 2217 melis
146 2149 242 2223 sffioi,
267 2158 304 2208 ut
331 2141 618 2229 sentiemusreom
643 2166 710 2210 uon
736 2168 804 2214 este
831 2172 982 2233 versetur,

31 2257 135 2338 Atque
153 2253 225 2313 'ideo
246 2247 337 2332 jussit
357 2266 415 2309 uos
436 2266 547 2324 orere,
574 2259 604 2309 et
634 2262 700 2317 uon
720 2260 839 2327 tautum
859 2234 984 2337 praeos-

32 2356 96 2440 pit,
116 2354 172 2418 sed
192 2352 284 2415 etism
304 2349 466 2435 promisit,
486 2369 520 2412 se
539 2348 736 2429 auditurum,
764 2365 906 2429 uteorto
926 2368 985 2435 stuf

34 2470 206 2531 tueremur,
227 2475 300 2516 eum
319 2452 399 2516 velle
419 2464 594 2535 praestum,
616 2452 703 2537 quod
722 2455 866 2538 petimus.
893 2454 985 2521 Sum.-

35 2583 87 2623 mu
106 2559 206 2644 igitur
226 2556 316 2618 lstriu
338 2566 368 2617 et
397 2552 512 2639 religio
544 2565 590 2617 est
609 2554 751 2633 eredere,
779 2555 882 2621 Deum
902 2581 987 2625 vers·

37 2683 106 2725 oem
128 2681 202 2722 esse.
224 2658 384 2721 Praetereo
403 2654 537 2721 formum
557 2656 733 2743 simplicem
752 2669 783 2721 et
802 2670 918 2723 eertum
932 2661 986 2727 hr-

34 2763 163 2835 bemus,
186 2781 247 2841 qur
268 2746 477 2843 praescripsit,
498 2758 578 2844 quid
598 2774 629 2825 st
649 2765 810 2849 'quomodo
831 2766 986 2847 orandum

35 2865 85 2927 sit.
109 2862 145 2927 Si
155 2861 250 2947 igitur
260 2883 345 2927 oros:
368 2862 460 2923 Peter
474 2876 580 2926 noster
594 2875 650 2929 eto.
661 2864 779 2951 cogitur
803 2866 863 2947 Tu,
875 2868 987 2933 Domi·

33 2990 85 3043 ne,
101 2964 227 3050 jussisti,
241 2976 272 3026 et
281 2961 460 3046 promisisti,
473 2976 504 3027 te
514 2964 696 3030 auditurum
705 2979 852 3035 orontem.
871 2970 987 3057 Nequo

36 3068 161 3133 dubites
182 3069 220 3131 de
242 3066 302 3129 Dei
320 3065 449 3129 veritate
470 3076 501 3129 et
528 3065 701 3151 promissis.
740 3068 873 3147 Etiamsi
902 3074 988 3139 euim

36 3171 191 3234 Diabolus
220 3187 284 3230 uno
311 3178 470 3230 momento
501 3180 604 3231 totum
638 3172 792 3235 muudum
820 3182 987 3255 everteret,

36 3283 144 3333 tamen
172 3267 408 3332 sonctifiesbitor
437 3291 554 3335 nomeu
574 3268 644 3333 Dei.
684 3268 728 3335 Et
757 3272 784 3335 si
810 3275 903 3339 etism
932 3299 990 3344 no.

36 3376 89 3437 bis
111 3371 254 3437 omuibus
275 3370 471 3455 moriendum
491 3382 588 3449 esset,
615 3383 719 3437 tumeo
746 3394 938 3444 reservemur
958 3393 989 3445 et

37 3475 235 3539 custodimur
255 3474 287 3533 in
308 3472 444 3538 futurum
464 3474 722 3539 resurrectionem
751 3476 816 3541 siue
846 3481 913 3543 ulls
933 3484 989 3544 du·

37 3580 201 3645 bitatione.
243 3575 441 3662 Quinetiam
470 3577 507 3643 iu
535 3578 594 3643 hro
614 3578 675 3645 vito
695 3577 835 3647 ridemus
864 3583 988 3669 munite
