2182 4050
431 163 616 251 genesis.¹
756 202 774 233 .·
830 150 838 163 ⁴
885 196 893 245 .·
939 168 1004 247 :12⁵

51 319 161 383 vivant
180 326 211 379 ct
231 314 449 400 ingrediantur
469 313 504 375 in
525 333 652 397 pacem,
675 311 772 393 ‘cajus
792 315 836 378 rei
857 333 917 379 aas
940 316 1008 401 qui·
1034 336 1037 343 ·

52 425 128 486 dem
156 420 256 483 multo
289 418 381 499 plura
407 428 437 478 st
467 417 640 480 illustriora
660 413 798 498 exemplu
818 428 848 479 et
869 418 1007 485 testimu-

53 529 107 587 nia
129 523 277 589 habemns
299 520 332 581 iu
347 541 430 583 noro
446 532 630 613 testamento
645 540 682 581 cr
695 516 900 582 concionibus
916 521 1007 585 Chri·

53 629 96 690 sti
118 640 148 689 ct
169 623 413 707 Apostolorum,
426 644 530 705 -quam
550 622 673 699 Patres,
695 620 751 706 qui
770 642 890 705 paucos
911 645 1006 708 qnos·
1065 620 1071 636 ’

54 733 129 794 dam
150 729 240 791 locos
261 727 435 790 babuerunt
454 739 561 809 apertu
581 722 790 810 significantes
807 720 1007 790 resurrsctic'·

55 858 131 898 uem
153 845 189 895 et.
202 825 295 890 vitam
310 840 474 889 aeternam.
495 828 604 891 Locus
621 827 786 911 sapientiae
800 829 892 903 tertio
905 835 1006 907 (nl.)

57 961 95 999 ex
114 934 208 1000 Esaia
228 931 390 994 desumtus
411 942 474 993 ests
506 914 832 1008 „Iustorum‘animas
851 929 885 993 in
912 954 1008 997 mauu

56 1038 118 1100 Dei
135 1047 218 1108 sunt,
240 1047 271 1094 ct
287 1053 351 1095 non
363 1044 469 1118 tanget
487 1035 561 1099 illos
582 1044 769 1097 tormentum
781 1035 931 1112 mortis“,
947 1051 1007 1102 stc.

137 1130 200 1202 Sid
221 1138 297 1199 hacc
318 1146 348 1198 et
367 1134 496 1200 Patrum'
525 1149 556 1203 st
585 1150 695 1201 nostra
711 1159 776 1200 una
796 1150 828 1202 et
848 1139 954 1203 eadem
974 1138 1009 1205 li·

58 1243 112 1305 ‹lss
140 1254 201 1317 cst,
230 1238 318 1323 quod
343 1244 436 1301 restet
455 1240 516 1304 alia
542 1250 574 1303 et
601 1239 716 1311 melior
741 1237 804 1302 rita
824 1252 899 1319 post
917 1239 1008 1318 bano,

58 1348 98 1409 de
119 1368 178 1428 qua
200 1342 326 1426 quidem
348 1339 540 1406 Christianos
562 1340 701 1403 dubitare
715 1342 748 1403 iu
762 1353 845 1404 teuta
861 1343 930 1407 lnce
945 1354 1009 1405 tnr-

56 1449 222 1533 piasinrum
250 1443 351 1506 fuerit.
403 1443 641 1526 Amplectamur
664 1445 763 1530 igitur
790 1458 821 1509 et
850 1468 1010 1519 conserva·
1063 1524 1067 1533 ,

57 1576 127 1613 mus
149 1549 239 1612 firma
258 1545 357 1608 animi
382 1546 559 1610 assensione
586 1546 668 1608 hanc
687 1546 862 1611 doctrinam
881 1548 1009 1631 immen-
1077 1582 1084 1595 ν

58 1679 93 1717 so
117 1655 177 1716 Dei
198 1649 348 1714 beneficio
370 1647 477 1709 multis
497 1645 673 1709 illustribus
703 1648 887 1729 testimoniis
914 1652 1008 1721 nobie

58 1757 263 1840 patefactam
291 1751 429 1834 insurgit
448 1746 536 1812 'cuim
563 1768 649 1809 nunc
677 1748 837 1814 saeculum
863 1754 1009 1836 pestilen-

57 1857 230 1928 tissimum,
260 1865 291 1914 et
322 1854 569 1938 multiplicantur
588 1848 752 1932 Epicurei,
780 1855 867 1939 quod
894 1869 941 1919 est
961 1879 1009 1920 ar-

57 1967 244 2040 gumentum
266 1957 468 2018 certissimum
490 1950 682 2016 confusionis
703 1956 841 2019 omnium
862 1980 966 2024 rerum
979 1972 1010 2024 st

56 2057 343 2140 appropinquantis
363 2057 480 2140 judicii.
515 2056 550 2121 si
569 2057 651 2117 enim
672 2076 738 2118 non
759 2059 852 2137 credo
874 2061 1010 2131 futuram

56 2164 152 2225 vitam
182 2174 212 2223 ct
238 2158 512 2234 resurrectionem,
544 2181 696 2243 quorsum
718 2182 799 2245 opus
820 2163 918 2229 babeo
939 2167 1008 2243 Deo

58 2281 90 2330 et
110 2267 269 2351 agnitione
292 2261 437 2325 Christi?
478 2263 541 2324 Aut
562 2264 724 2348 quomodo
744 2286 876 2349 possum
897 2281 1008 2334 status·

58 2393 113 2446 rs,
141 2391 207 2431 esse
228 2368 330 2430 Deum
358 2364 540 2446 punientem
568 2367 686 2443 malos,
714 2381 745 2431 st
772 2368 1011 2437 benefacientem

59 2473 181 2535 bonis?
217 2470 353 2554 Negatio
373 2467 457 2529 cuim
477 2465 598 2531 futuras
618 2469 699 2532 ritae
719 2470 804 2532 tollit
823 2472 1011 2561 simpliciter

59 2574 177 2638 Deum:
206 2574 251 2636 sic
280 2570 396 2634 similes
425 2569 540 2631 erimus
567 2593 699 2654 prorsus
726 2576 817 2660 equis
847 2590 879 2640 et
905 2577 1024 2667 mulis—,³

60 2679 113 2761 qui
135 2678 212 2739 nibil
234 2687 358 2748 curant,
379 2695 438 2734 nec
457 2686 611 2751 mortem,
631 2698 690 2741 uec
710 2678 815 2741 ritum.
856 2676 899 2743 Et
914 2679 949 2745 ia
965 2658 1017 2743 'u-

58 2802 99 2841 ne
116 2780 147 2839 in
163 2779 325 2862 Epicureis
343 2776 585 2839 animadvertere
601 2787 658 2852 est,
680 2778 796 2863 quibus
812 2779 875 2862 jem
895 2778 1012 2845 ridicu·

57 2884 125 2946 lum
147 2896 194 2944 est
215 2895 244 2943 et
263 2879 364 2941 inanis
384 2875 507 2974 sabula,
527 2878 679 2962 quioquid
699 2881 738 2944 de
767 2881 836 2945 Deo
865 2883 914 2945 rel
935 2905 1011 2967 pro·

58 2988 220 3058 mittente,
241 2983 291 3044 rel
312 2980 521 3042 comminante
542 2978 681 3042 audiunt.
710 2980 829 3046 Verum
845 3004 904 3047 uos
920 2983 1012 3049 Cbri.

60 3089 153 3149 stiani
175 3085 358 3149 horribilem
378 3083 467 3145 illam
488 3081 686 3146 securitatem
705 3083 879 3173 fugiamus,
909 3097 942 3149 et
962 3107 1011 3151 ts·

59 3190 212 3251 tineamus
234 3185 366 3249 firmiter
392 3185 569 3248 testimonia
589 3185 670 3249 ritus
689 3200 829 3253 aeternas
858 3201 889 3253 st
908 3210 1011 3255 resur·

59 3292 205 3380 rectionis
226 3290 296 3353 eb
287 3290 375 3352 mitio
397 3288 505 3352 mundi
526 3288 648 3351 tradita.

141 3394 248 3455 Moses
269 3392 392 3456 duobus
413 3389 514 3455 verbis
536 3390 658 3453 obitum
687 3354 827 3459 Abrabae
856 3393 1010 3475 describit,
1025 3422 1028 3427 ’

62 3520 198 3582 quorum
227 3509 384 3579 utrunque
412 3487 567 3580 significat
593 3492 691 3557 moria
713 3496 870 3579 exspirans
890 3496 940 3565 tel
960 3498 1012 3562 (ls-

59 3599 166 3665 ficiens
189 3612 328 3668 mortuus
350 3609 415 3673 est,
436 3593 547 3680 inquit.
569 3590 673 3677 Supra
693 3600 799 3681 cap'l.
821 3610 863 3673 (r.
873 3604 939 3673 21.)
972 3601 1011 3665 ale

54 3704 193 3766 blavio:
219 3699 361 3779 Defecit,
391 3700 459 3767 sire
484 3702 680 3767 mortuaest
704 3698 811 3766 omme
829 3720 931 3779 caro,
955 3701 1027 3762 <xrs

269 3956 277 3993 l
