2182 4050
107 172 171 247 262
278 166 525 254 vigesimum
545 164 758 231 tsou'ndum
779 148 903 253 ceput

109 317 263 403 snguine
281 330 407 395 notum,
436 321 512 404 quin
536 338 605 381 non
624 330 672 381 est
692 332 866 403 conseptus
883 321 916 383 ln
934 336 1038 405 preestn

111 420 271 508 originali.
312 421 389 485 Non
409 421 492 483 enim
513 434 650 506 possunt
670 422 766 485 simul
786 436 871 487 stsre
889 424 1040 489 benedietio
1065 418 1068 423 ’

111 536 144 586 et
163 523 360 598 maledictio,
389 525 478 606 quod
497 522 601 603 fieret,
627 525 708 587 siin
734 524 872 615 pensetis
892 538 970 587 esset
987 546 1044 587 eon-

112 638 230 709 neptus.
270 624 372 711 lgitur
392 625 496 687 lllnrin
514 649 580 688 non
599 628 734 691 naturali
760 628 859 691 modo
878 627 940 689 lnoo
959 648 1046 691 senen

112 728 263 811 noneepit.
303 727 381 790 Non
401 727 470 788 talis
490 741 590 791 meter
609 743 674 804 est,
697 730 808 815 quoles
829 730 970 793 omnium
987 754 1048 817 gen·

112 832 190 895 tium
209 844 322 897 nnstres
342 840 430 897 sunu
458 842 587 897 metrone
614 832 756 913 oportuit
776 852 862 908 esse,
890 842 924 893 et
948 853 1049 897 norun

112 931 272 995 hominem
293 951 410 1013 perere.
432 926 496 992 Sed
511 929 570 993 tuit
585 954 667 1014 pure
680 946 790 1009 meter,
811 942 843 994 et
862 930 968 1017 virgo,
985 954 1050 1017 quoe

113 1033 255 1116 ooneepit
274 1054 340 1093 nou
361 1055 397 1094 ex
416 1032 567 1106 mssoulo,
587 1054 688 1117 neque
708 1057 745 1097 ex
765 1032 907 1121 Angelo‚
929 1033 1047 1099 sinle-

114 1154 170 1211 no,
179 1132 244 1197 sive
259 1136 356 1210 melo,
376 1135 432 1197 sed
449 1134 488 1197 ds
503 1132 624 1223 Spiritu
638 1149 756 1213 ennete,
776 1136 888 1205 Lueee
902 1142 930 1203 l.

196 1280 247 1342 Ad
266 1282 352 1343 hune
371 1281 501 1343 modum
522 1278 652 1353 Psnlus,
673 1277 784 1341 Esnins
805 1292 836 1344 et
855 1279 914 1343 ulii
932 1280 1050 1365 Prophe

115 1394 165 1445 tne
186 1382 355 1467 diligenter
373 1384 478 1449 loonrn
499 1383 594 1453 istum
605 1382 829 1464 expenderunt,
850 1404 919 1451 non
939 1382 1069 1445 oseitsn-

116 1498 163 1547 ter
183 1497 215 1548 et
234 1486 345 1562 obiter,
365 1499 490 1561 utnon,
510 1484 735 1569 promissiones
755 1486 913 1571 legerunt.
935 1482 1084 1577 Qnsndt

116 1588 202 1651 enim
229 1588 315 1653 Dens
343 1589 502 1674 loquitur,
535 1601 621 1650 tanta
651 1600 684 1649 et
710 1598 773 1649 tem
805 1586 950 1650 sublimis
973 1574 1076 1657 verbs

117 1690 256 1777 profert,
287 1712 366 1773 quse
386 1688 510 1757 eoelum
530 1704 562 1759 et
591 1702 672 1753 terre
692 1710 757 1753 non
778 1703 914 1772 possunt
933 1710 1085 1783 eooprs·

118 1794 267 1857 bendere
309 1794 471 1877 Loquitur
491 1793 575 1865 enim
596 1793 636 1856 de
655 1792 798 1862 maximis
817 1794 926 1869 rebus,
944 1798 1071 1876 uesper.
1068 1790 1079 1823 ²

74 1872 92 1913 Ἰ
118 1896 257 1958 rentibus
277 1917 402 1959 omnem
430 1919 556 1960 sensum
575 1896 672 1961 totius
691 1897 824 1973 mundi,'
849 1896 938 1981 quod
962 1914 1044 1959 oontt
1072 1882 1080 1926 ἶ

119 2012 228 2083 gentes
249 2000 311 2069 sint
332 1998 390 2060 sub
410 2011 559 2082 peceato,
584 2013 686 2062 morte
705 2012 736 2063 et
756 2012 887 2062 reterns
906 1998 1076 2062 deuertis-
1072 1970 1091 2005 ¹

120 2122 172 2163 ne.
214 2101 313 2185 quue
334 2122 406 2163 snus
428 2124 446 2163 n
466 2101 636 2183 posteriori
664 2115 696 2171 et
724 2102 765 2165 sb
787 2100 901 2171 effectu
922 2098 1041 2183 oolligsrs

119 2203 210 2279 lieet·
239 2204 387 2273 sentimus
417 2205 499 2267 enim
521 2226 630 2266 omnes
658 2203 800 2286 pericula
828 2216 860 2266 et
888 2184 1082 2307 solennitates}

120 2304 287 2368 infinitos
276 2330 344 2389 ipsa
366 2323 466 2371 morte
484 2308 635 2371 duriores
660 2307 793 2370 Censsm
808 2327 886 2373 sero
908 2288 1080 2381 nerino.

121 2408 221 2471 multo
242 2408 348 2473 minus
368 2411 582 2483 liberetionem
602 2411 818 2503 perspicimus.

201 2543 280 2611 Es
269 2546 370 2632 sgitur
389 2558 581 2608 monstretur
601 2545 635 2607 in
654 2545 713 2607 hae
733 2546 964 2629 promissione,
988 2564 1048 2629 qun
1069 2605 1078 2627 ,Α

124 2656 269 2721 testatur,
300 2669 410 2713 omnes
430 2663 539 2733 gentes
560 2672 627 2713 esse
647 2650 707 2713 sub
728 2649 949 2721 maledictione
966 2660 993 2711 et
1006 2668 1049 2731 po·
1066 2654 1090 2735 's

124 2757 231 2808 testate
250 2747 398 2827 Diaboli,
429 2765 459 2815 et
480 2751 569 2826 offert
588 2766 690 2821 umen
709 2754 947 2828 liherntionem,
972 2748 1050 2835 sits·

124 2862 253 2911 noscant
273 2873 361 2922 sunm
380 2852 554 2931 miseriem,
576 2877 633 2918 neo
654 2858 838 2939 desperent3
870 2857 926 2927 sed
947 2856 1052 2929 ondsot
1073 2884 1077 2895 ·

113 2952 158 3015 ‚in
178 2976 300 3031 semen,
328 2970 359 3018 et
378 2970 509 3049 propter
528 2957 564 3021 id
585 2979 650 3025 sese
669 2942 877 3039 benedicent,
899 2958 1054 3045 glorientur

125 3056 164 3119 de
186 3059 265 3137 vite,
292 3074 322 3121 et
343 3061 461 3143 singuli
486 3061 546 3124 sibi
571 3062 651 3124 hano
677 3060 896 3133 liberationem
917 3059 1071 3153 spplissrd,

124 3157 187 3222 fide
216 3174 246 3225 et
274 3162 395 3233 dicant:
415 3162 491 3233 Non
519 3186 587 3231 snm
606 3165 671 3247 jum
692 3157 854 3249 pensator,
883 3164 940 3227 sed
964 3164 1057 3247 justus,

125 3283 189 3323 non
211 3263 408 3341 maledictus,
439 3267 493 3328 sed
513 3266 697 3339 benedictus
717 3291 776 3352 per
795 3289 902 3332 semen
923 3264 1057 3345 Abrnhss

126 3368 212 3449 quod
234 3383 280 3430 est
300 3392 391 3442 verus
412 3368 525 3446 homo,
553 3382 646 3441 ustus
666 3369 705 3444 de
726 3369 843 3445 semiss
862 3367 1059 3444 Almffln‘l

126 3490 216 3531 verus
238 3469 330 3532 Deus.

109 3644 113 3651 .
205 3589 291 3655 Hero
312 3605 374 3663 tam
393 3576 506 3691 potens
527 3605 559 3659 st
578 3592 681 3671 efficax
701 3593 882 3673 benedictio
896 3606 965 3673 stt,
988 3600 1061 3659 Μ
