<?xml version="1.0" encoding="UTF-8"?>
<!DOCTYPE html PUBLIC "-//W3C//DTD XHTML 1.0 Transitional//EN"
    "http://www.w3.org/TR/xhtml1/DTD/xhtml1-transitional.dtd">
<html xmlns="http://www.w3.org/1999/xhtml" xml:lang="en" lang="en">
 <head>
  <title>
</title>
<meta http-equiv="Content-Type" content="text/html;charset=utf-8" />
  <meta name='ocr-system' content='tesseract 3.04.00' />
  <meta name='ocr-capabilities' content='ocr_page ocr_carea ocr_par ocr_line ocrx_word'/>
</head>
<body>
  <div class='ocr_page' id='page_1' title='image "./exegeticaoperal03luthgoog_0521.png"; bbox 0 0 2182 4050; ppageno 0'>
   <div class='ocr_carea' id='block_1_1' title="bbox 122 126 920 269">
    <p class='ocr_par' dir='ltr' id='par_1_1' title="bbox 122 126 920 269">
     <span class='ocr_line' id='line_1_1' title="bbox 122 126 920 269; baseline -0.011 -19"><span class='ocrx_word' id='word_1_1' title='bbox 122 182 181 252; x_wconf 77' lang='lat'><strong>188</strong></span> <span class='ocrx_word' id='word_1_2' title='bbox 227 126 251 179; x_wconf 67' lang='lat'><strong>‚⁴</strong></span> <span class='ocrx_word' id='word_1_3' title='bbox 300 138 553 269; x_wconf 51' lang='lat' dir='ltr'><strong>vigesimum</strong></span> <span class='ocrx_word' id='word_1_4' title='bbox 574 149 920 266; x_wconf 76' lang='lat' dir='ltr'><strong>epulatumcapart</strong></span> 
     </span>
    </p>
   </div>
   <div class='ocr_carea' id='block_1_2' title="bbox 28 326 1067 2849">
    <p class='ocr_par' dir='ltr' id='par_1_2' title="bbox 108 326 1067 1436">
     <span class='ocr_line' id='line_1_2' title="bbox 120 326 1066 415; baseline -0.004 -22"><span class='ocrx_word' id='word_1_5' title='bbox 120 330 400 407; x_wconf 81' lang='lat' dir='ltr'><strong>circumcisionem,</strong></span> <span class='ocrx_word' id='word_1_6' title='bbox 427 342 459 393; x_wconf 89' lang='lat' dir='ltr'><strong>et</strong></span> <span class='ocrx_word' id='word_1_7' title='bbox 479 326 601 415; x_wconf 86' lang='lat' dir='ltr'><strong>aliquot</strong></span> <span class='ocrx_word' id='word_1_8' title='bbox 620 331 698 396; x_wconf 85' lang='lat' dir='ltr'><strong>ritus</strong></span> <span class='ocrx_word' id='word_1_9' title='bbox 718 326 945 405; x_wconf 75' lang='lat' dir='ltr'><strong>sacrificandi3</strong></span> <span class='ocrx_word' id='word_1_10' title='bbox 975 326 1018 390; x_wconf 85' lang='lat' dir='ltr'><strong>ita</strong></span> <span class='ocrx_word' id='word_1_11' title='bbox 1039 327 1066 390; x_wconf 84' lang='lat' dir='ltr'><strong>il·</strong></span> 
     </span>
     <span class='ocr_line' id='line_1_3' title="bbox 118 419 1065 516; baseline 0.002 -22"><span class='ocrx_word' id='word_1_12' title='bbox 118 432 182 495; x_wconf 88' lang='lat' dir='ltr'><strong>lius</strong></span> <span class='ocrx_word' id='word_1_13' title='bbox 202 433 341 516; x_wconf 86' lang='lat' dir='ltr'><strong>populas</strong></span> <span class='ocrx_word' id='word_1_14' title='bbox 361 431 550 516; x_wconf 74' lang='lat' dir='ltr'><strong>peculiarem</strong></span> <span class='ocrx_word' id='word_1_15' title='bbox 569 419 729 516; x_wconf 79' lang='lat' dir='ltr'><strong>politiinn,</strong></span> <span class='ocrx_word' id='word_1_16' title='bbox 758 430 847 494; x_wconf 84' lang='lat' dir='ltr'><strong>ritus</strong></span> <span class='ocrx_word' id='word_1_17' title='bbox 867 443 900 494; x_wconf 88' lang='lat' dir='ltr'><strong>et</strong></span> <span class='ocrx_word' id='word_1_18' title='bbox 922 430 1065 496; x_wconf 86' lang='lat' dir='ltr'><strong>ecclesian</strong></span> 
     </span>
     <span class='ocr_line' id='line_1_4' title="bbox 119 522 1065 621; baseline 0.002 -24"><span class='ocrx_word' id='word_1_19' title='bbox 119 522 239 599; x_wconf 65' lang='lat' dir='ltr'><strong>habuit]</strong></span> <span class='ocrx_word' id='word_1_20' title='bbox 275 532 372 598; x_wconf 76' lang='lat' dir='ltr'><strong>Jacob</strong></span> <span class='ocrx_word' id='word_1_21' title='bbox 394 554 467 595; x_wconf 82' lang='lat' dir='ltr'><strong>vero</strong></span> <span class='ocrx_word' id='word_1_22' title='bbox 488 535 606 619; x_wconf 89' lang='lat' dir='ltr'><strong>accepit</strong></span> <span class='ocrx_word' id='word_1_23' title='bbox 625 533 829 621; x_wconf 79' lang='lat' dir='ltr'><strong>singularem</strong></span> <span class='ocrx_word' id='word_1_24' title='bbox 846 532 1065 599; x_wconf 76' lang='lat' dir='ltr'><strong>ordinationem</strong></span> 
     </span>
     <span class='ocr_line' id='line_1_5' title="bbox 118 626 1067 728; baseline 0.002 -29"><span class='ocrx_word' id='word_1_25' title='bbox 118 626 252 722; x_wconf 78' lang='lat' dir='ltr'><strong>politiae</strong></span> <span class='ocrx_word' id='word_1_26' title='bbox 272 650 302 717; x_wconf 85' lang='lat' dir='ltr'><strong>et</strong></span> <span class='ocrx_word' id='word_1_27' title='bbox 322 634 485 728; x_wconf 72' lang='lat' dir='ltr'><strong>ecclesiae,</strong></span> <span class='ocrx_word' id='word_1_28' title='bbox 512 636 612 720; x_wconf 87' lang='lat' dir='ltr'><strong>qualis</strong></span> <span class='ocrx_word' id='word_1_29' title='bbox 640 657 706 699; x_wconf 88' lang='lat' dir='ltr'><strong>non</strong></span> <span class='ocrx_word' id='word_1_30' title='bbox 731 634 794 699; x_wconf 77' lang='lat' dir='ltr'><strong>fuit</strong></span> <span class='ocrx_word' id='word_1_31' title='bbox 816 638 853 699; x_wconf 87' lang='lat' dir='ltr'><strong>in</strong></span> <span class='ocrx_word' id='word_1_32' title='bbox 881 636 967 700; x_wconf 88' lang='lat' dir='ltr'><strong>orbe</strong></span> <span class='ocrx_word' id='word_1_33' title='bbox 993 649 1067 701; x_wconf 73' lang='lat' dir='ltr'><strong>terre</strong></span> 
     </span>
     <span class='ocr_line' id='line_1_6' title="bbox 119 730 1067 821; baseline 0.002 -21"><span class='ocrx_word' id='word_1_34' title='bbox 119 760 208 816; x_wconf 81' lang='lat' dir='ltr'><strong>rum,</strong></span> <span class='ocrx_word' id='word_1_35' title='bbox 228 750 259 804; x_wconf 84' lang='lat' dir='ltr'><strong>et</strong></span> <span class='ocrx_word' id='word_1_36' title='bbox 279 738 372 817; x_wconf 82' lang='lat' dir='ltr'><strong>simul</strong></span> <span class='ocrx_word' id='word_1_37' title='bbox 392 738 617 802; x_wconf 83' lang='lat' dir='ltr'><strong>successionem</strong></span> <span class='ocrx_word' id='word_1_38' title='bbox 638 730 926 803; x_wconf 77' lang='lat' dir='ltr'><strong>cohaereditatem</strong></span> <span class='ocrx_word' id='word_1_39' title='bbox 950 738 1067 821; x_wconf 78' lang='lat' dir='ltr'><strong>&#39;pronis-</strong></span> 
     </span>
     <span class='ocr_line' id='line_1_7' title="bbox 119 836 1067 925; baseline 0.002 -22"><span class='ocrx_word' id='word_1_40' title='bbox 119 838 225 903; x_wconf 88' lang='lat' dir='ltr'><strong>eionis.</strong></span> <span class='ocrx_word' id='word_1_41' title='bbox 265 836 341 903; x_wconf 83' lang='lat' dir='ltr'><strong>lllae</strong></span> <span class='ocrx_word' id='word_1_42' title='bbox 368 838 467 923; x_wconf 80' lang='lat' dir='ltr'><strong>igitur</strong></span> <span class='ocrx_word' id='word_1_43' title='bbox 494 852 600 925; x_wconf 81' lang='lat' dir='ltr'><strong>gentes</strong></span> <span class='ocrx_word' id='word_1_44' title='bbox 629 841 864 925; x_wconf 82' lang='lat' dir='ltr'><strong>separabuntur</strong></span> <span class='ocrx_word' id='word_1_45' title='bbox 892 838 1025 923; x_wconf 76' lang='lat' dir='ltr'>politice</span> <span class='ocrx_word' id='word_1_46' title='bbox 1046 854 1067 905; x_wconf 87' lang='lat' dir='ltr'><strong>et</strong></span> 
     </span>
     <span class='ocr_line' id='line_1_8' title="bbox 118 939 1066 1027; baseline 0.003 -22"><span class='ocrx_word' id='word_1_47' title='bbox 118 940 341 1006; x_wconf 77' lang='lat' dir='ltr'><strong>ecclesiastiea:</strong></span> <span class='ocrx_word' id='word_1_48' title='bbox 377 940 474 1027; x_wconf 86' lang='lat' dir='ltr'><strong>idque</strong></span> <span class='ocrx_word' id='word_1_49' title='bbox 503 939 593 1004; x_wconf 85' lang='lat' dir='ltr'><strong>etlam</strong></span> <span class='ocrx_word' id='word_1_50' title='bbox 619 943 786 1006; x_wconf 85' lang='lat' dir='ltr'><strong>carnaliter</strong></span> <span class='ocrx_word' id='word_1_51' title='bbox 819 942 1001 1026; x_wconf 85' lang='lat' dir='ltr'><strong>impletum</strong></span> <span class='ocrx_word' id='word_1_52' title='bbox 1025 956 1066 1008; x_wconf 85' lang='lat' dir='ltr'><strong>est</strong></span> 
     </span>
     <span class='ocr_line' id='line_1_9' title="bbox 118 1041 1066 1129; baseline 0.007 -25"><span class='ocrx_word' id='word_1_53' title='bbox 118 1041 202 1107; x_wconf 81' lang='lat' dir='ltr'><strong>Nam</strong></span> <span class='ocrx_word' id='word_1_54' title='bbox 230 1041 422 1126; x_wconf 83' lang='lat' dir='ltr'><strong>spiritualem</strong></span> <span class='ocrx_word' id='word_1_55' title='bbox 450 1042 686 1127; x_wconf 76' lang='lat' dir='ltr'><strong>explicationem</strong></span> <span class='ocrx_word' id='word_1_56' title='bbox 717 1045 840 1109; x_wconf 85' lang='lat' dir='ltr'><strong>Paulus</strong></span> <span class='ocrx_word' id='word_1_57' title='bbox 879 1045 919 1107; x_wconf 92' lang='lat' dir='ltr'><strong>in</strong></span> <span class='ocrx_word' id='word_1_58' title='bbox 952 1046 1066 1129; x_wconf 87' lang='lat' dir='ltr'><strong>epistola</strong></span> 
     </span>
     <span class='ocr_line' id='line_1_10' title="bbox 118 1136 1066 1232; baseline 0.005 -23"><span class='ocrx_word' id='word_1_59' title='bbox 118 1136 340 1229; x_wconf 63' lang='lat' dir='ltr'><strong>adlio&#39;ruanos</strong></span> <span class='ocrx_word' id='word_1_60' title='bbox 359 1142 469 1220; x_wconf 85' lang='lat' dir='ltr'><strong>habet,</strong></span> <span class='ocrx_word' id='word_1_61' title='bbox 498 1144 536 1209; x_wconf 88' lang='lat' dir='ltr'><strong>de</strong></span> <span class='ocrx_word' id='word_1_62' title='bbox 564 1169 627 1232; x_wconf 84' lang='lat' dir='ltr'><strong>qua</strong></span> <span class='ocrx_word' id='word_1_63' title='bbox 653 1148 740 1211; x_wconf 79' lang='lat' dir='ltr'><strong>aliae.</strong></span> <span class='ocrx_word' id='word_1_64' title='bbox 782 1148 981 1212; x_wconf 83' lang='lat' dir='ltr'><strong>Postremae</strong></span> <span class='ocrx_word' id='word_1_65' title='bbox 1007 1148 1066 1214; x_wconf 82' lang='lat' dir='ltr'><strong>daea</strong></span> 
     </span>
     <span class='ocr_line' id='line_1_11' title="bbox 108 1246 1067 1343; baseline 0.001 -28"><span class='ocrx_word' id='word_1_66' title='bbox 108 1246 286 1333; x_wconf 74' lang='lat' dir='ltr'><strong>&#39;patianus</strong></span> <span class='ocrx_word' id='word_1_67' title='bbox 314 1258 401 1310; x_wconf 80' lang='lat' dir='ltr'><strong>sunta</strong></span> <span class='ocrx_word' id='word_1_68' title='bbox 438 1247 609 1335; x_wconf 84' lang='lat' dir='ltr'><strong>„Populus</strong></span> <span class='ocrx_word' id='word_1_69' title='bbox 635 1251 793 1337; x_wconf 86' lang='lat' dir='ltr'><strong>populum</strong></span> <span class='ocrx_word' id='word_1_70' title='bbox 830 1248 1020 1343; x_wconf 57' lang='lat' dir='ltr'><strong>superauit,</strong></span> <span class='ocrx_word' id='word_1_71' title='bbox 1045 1264 1067 1316; x_wconf 87' lang='lat' dir='ltr'><strong>et</strong></span> 
     </span>
     <span class='ocr_line' id='line_1_12' title="bbox 109 1347 742 1436; baseline -0.006 -22"><span class='ocrx_word' id='word_1_72' title='bbox 109 1351 222 1436; x_wconf 82' lang='lat' dir='ltr'><strong>major</strong></span> <span class='ocrx_word' id='word_1_73' title='bbox 240 1347 351 1413; x_wconf 68' lang='lat' dir='ltr'><strong>seruet</strong></span> <span class='ocrx_word' id='word_1_74' title='bbox 370 1348 486 1411; x_wconf 87' lang='lat' dir='ltr'><strong>minori</strong></span> <span class='ocrx_word' id='word_1_75' title='bbox 494 1356 524 1414; x_wconf 85' lang='lat'><strong>“.</strong></span> <span class='ocrx_word' id='word_1_76' title='bbox 739 1358 742 1363; x_wconf 81' lang='grc'>’</span> 
     </span>
    </p>

    <p class='ocr_par' dir='ltr' id='par_1_3' title="bbox 28 1438 1065 2849">
     <span class='ocr_line' id='line_1_13' title="bbox 197 1438 1065 1535; baseline 0.001 -18"><span class='ocrx_word' id='word_1_77' title='bbox 197 1450 303 1517; x_wconf 83' lang='lat' dir='ltr'><strong>Edem</strong></span> <span class='ocrx_word' id='word_1_78' title='bbox 322 1449 386 1515; x_wconf 82' lang='lat' dir='ltr'><strong>sire</strong></span> <span class='ocrx_word' id='word_1_79' title='bbox 406 1450 492 1517; x_wconf 84' lang='lat' dir='ltr'><strong>Essa</strong></span> <span class='ocrx_word' id='word_1_80' title='bbox 512 1438 602 1517; x_wconf 80' lang='lat' dir='ltr'><strong>valde</strong></span> <span class='ocrx_word' id='word_1_81' title='bbox 621 1450 734 1529; x_wconf 77' lang='lat' dir='ltr'><strong>crevit,</strong></span> <span class='ocrx_word' id='word_1_82' title='bbox 757 1450 841 1517; x_wconf 89' lang='lat' dir='ltr'><strong>sicut</strong></span> <span class='ocrx_word' id='word_1_83' title='bbox 864 1454 984 1535; x_wconf 82' lang='lat' dir='ltr'><strong>postea</strong></span> <span class='ocrx_word' id='word_1_84' title='bbox 1002 1453 1065 1518; x_wconf 77' lang='lat' dir='ltr'><strong>ride</strong></span> 
     </span>
     <span class='ocr_line' id='line_1_14' title="bbox 116 1551 1064 1639; baseline 0 -21"><span class='ocrx_word' id='word_1_85' title='bbox 116 1554 238 1631; x_wconf 85' lang='lat' dir='ltr'><strong>bimus,</strong></span> <span class='ocrx_word' id='word_1_86' title='bbox 266 1552 393 1638; x_wconf 86' lang='lat' dir='ltr'><strong>quando</strong></span> <span class='ocrx_word' id='word_1_87' title='bbox 422 1554 560 1618; x_wconf 84' lang='lat' dir='ltr'><strong>occurrit</strong></span> <span class='ocrx_word' id='word_1_88' title='bbox 585 1552 673 1618; x_wconf 85' lang='lat' dir='ltr'><strong>fratri</strong></span> <span class='ocrx_word' id='word_1_89' title='bbox 691 1551 788 1617; x_wconf 83' lang='lat' dir='ltr'><strong>iacob</strong></span> <span class='ocrx_word' id='word_1_90' title='bbox 821 1576 906 1620; x_wconf 87' lang='lat' dir='ltr'><strong>cnm</strong></span> <span class='ocrx_word' id='word_1_91' title='bbox 939 1556 1064 1639; x_wconf 82' lang='lat' dir='ltr'><strong>quadrir-</strong></span> 
     </span>
     <span class='ocr_line' id='line_1_15' title="bbox 48 1655 1062 1742; baseline 0.003 -23"><span class='ocrx_word' id='word_1_92' title='bbox 48 1664 51 1671; x_wconf 81' lang='grc'><em>“</em></span> <span class='ocrx_word' id='word_1_93' title='bbox 114 1655 333 1742; x_wconf 81' lang='lat' dir='ltr'><strong>gentis-viria,</strong></span> <span class='ocrx_word' id='word_1_94' title='bbox 353 1655 409 1719; x_wconf 85' lang='lat' dir='ltr'><strong>nbi</strong></span> <span class='ocrx_word' id='word_1_95' title='bbox 427 1656 521 1721; x_wconf 87' lang='lat' dir='ltr'><strong>iacob</strong></span> <span class='ocrx_word' id='word_1_96' title='bbox 542 1657 700 1736; x_wconf 33' lang='lat' dir='ltr'><strong>neminem,</strong></span> <span class='ocrx_word' id='word_1_97' title='bbox 717 1677 834 1732; x_wconf 88' lang='lat' dir='ltr'><strong>aecum,</strong></span> <span class='ocrx_word' id='word_1_98' title='bbox 859 1668 993 1740; x_wconf 88' lang='lat' dir='ltr'><strong>praeter</strong></span> <span class='ocrx_word' id='word_1_99' title='bbox 1008 1680 1062 1740; x_wconf 80' lang='lat' dir='ltr'><strong>que</strong></span> 
     </span>
     <span class='ocr_line' id='line_1_16' title="bbox 115 1743 1060 1845; baseline 0.004 -24"><span class='ocrx_word' id='word_1_100' title='bbox 115 1743 191 1823; x_wconf 81' lang='lat' dir='ltr'><strong>tuor</strong></span> <span class='ocrx_word' id='word_1_101' title='bbox 210 1758 364 1834; x_wconf 81' lang='lat' dir='ltr'><strong>mulieres,</strong></span> <span class='ocrx_word' id='word_1_102' title='bbox 384 1754 528 1824; x_wconf 81' lang='lat' dir='ltr'><strong>habebat.</strong></span> <span class='ocrx_word' id='word_1_103' title='bbox 568 1759 612 1824; x_wconf 88' lang='lat' dir='ltr'><strong>Et</strong></span> <span class='ocrx_word' id='word_1_104' title='bbox 627 1758 662 1822; x_wconf 93' lang='lat' dir='ltr'><strong>in</strong></span> <span class='ocrx_word' id='word_1_105' title='bbox 681 1759 855 1824; x_wconf 69' lang='lat' dir='ltr'><strong>tricesimo·</strong></span> <span class='ocrx_word' id='word_1_106' title='bbox 869 1772 961 1822; x_wconf 74' lang='lat' dir='ltr'><strong>cento</strong></span> <span class='ocrx_word' id='word_1_107' title='bbox 983 1762 1060 1845; x_wconf 81' lang='lat' dir='ltr'><strong>capite</strong></span> 
     </span>
     <span class='ocr_line' id='line_1_17' title="bbox 116 1858 1058 1946; baseline -0.008 -17"><span class='ocrx_word' id='word_1_108' title='bbox 116 1876 336 1930; x_wconf 86' lang='lat' dir='ltr'><strong>enumerantur</strong></span> <span class='ocrx_word' id='word_1_109' title='bbox 354 1858 411 1924; x_wconf 90' lang='lat' dir='ltr'><strong>Xl.</strong></span> <span class='ocrx_word' id='word_1_110' title='bbox 433 1860 538 1937; x_wconf 83' lang='lat' dir='ltr'><strong>duces,</strong></span> <span class='ocrx_word' id='word_1_111' title='bbox 560 1861 614 1946; x_wconf 87' lang='lat' dir='ltr'><strong>qni</strong></span> <span class='ocrx_word' id='word_1_112' title='bbox 633 1874 800 1925; x_wconf 90' lang='lat' dir='ltr'><strong>tenuerunt</strong></span> <span class='ocrx_word' id='word_1_113' title='bbox 821 1872 952 1923; x_wconf 82' lang='lat' dir='ltr'><strong>terram</strong></span> <span class='ocrx_word' id='word_1_114' title='bbox 965 1860 1058 1940; x_wconf 82' lang='lat' dir='ltr'><strong>Edon,</strong></span> 
     </span>
     <span class='ocr_line' id='line_1_18' title="bbox 28 1960 1056 2051; baseline 0 -25"><span class='ocrx_word' id='word_1_115' title='bbox 28 1964 43 1975; x_wconf 79' lang='lat'><strong>‘</strong></span> <span class='ocrx_word' id='word_1_116' title='bbox 113 1963 197 2027; x_wconf 89' lang='lat' dir='ltr'><strong>unde</strong></span> <span class='ocrx_word' id='word_1_117' title='bbox 218 1964 330 2051; x_wconf 81' lang='lat' dir='ltr'><strong>colligi</strong></span> <span class='ocrx_word' id='word_1_118' title='bbox 350 1975 464 2048; x_wconf 80' lang='lat' dir='ltr'><strong>potest,</strong></span> <span class='ocrx_word' id='word_1_119' title='bbox 485 1962 648 2026; x_wconf 83' lang='lat' dir='ltr'><strong>maximam</strong></span> <span class='ocrx_word' id='word_1_120' title='bbox 668 1960 763 2025; x_wconf 81' lang='lat' dir='ltr'><strong>fuisse</strong></span> <span class='ocrx_word' id='word_1_121' title='bbox 783 1963 974 2049; x_wconf 89' lang='lat' dir='ltr'><strong>potentiam</strong></span> <span class='ocrx_word' id='word_1_122' title='bbox 985 1963 1056 2026; x_wconf 81' lang='lat' dir='ltr'><strong>Esar.</strong></span> 
     </span>
     <span class='ocr_line' id='line_1_19' title="bbox 114 2064 1058 2142; baseline 0 -14"><span class='ocrx_word' id='word_1_123' title='bbox 114 2064 208 2130; x_wconf 86' lang='lat' dir='ltr'><strong>Iacob</strong></span> <span class='ocrx_word' id='word_1_124' title='bbox 230 2088 302 2129; x_wconf 85' lang='lat' dir='ltr'><strong>vero</strong></span> <span class='ocrx_word' id='word_1_125' title='bbox 324 2066 426 2128; x_wconf 89' lang='lat' dir='ltr'><strong>adhuc</strong></span> <span class='ocrx_word' id='word_1_126' title='bbox 446 2066 568 2130; x_wconf 87' lang='lat' dir='ltr'><strong>errabat</strong></span> <span class='ocrx_word' id='word_1_127' title='bbox 586 2067 620 2127; x_wconf 91' lang='lat' dir='ltr'><strong>in</strong></span> <span class='ocrx_word' id='word_1_128' title='bbox 640 2077 723 2128; x_wconf 83' lang='lat' dir='ltr'><strong>terra</strong></span> <span class='ocrx_word' id='word_1_129' title='bbox 745 2065 890 2142; x_wconf 86' lang='lat' dir='ltr'><strong>Canaan,</strong></span> <span class='ocrx_word' id='word_1_130' title='bbox 913 2079 945 2129; x_wconf 91' lang='lat' dir='ltr'><strong>et</strong></span> <span class='ocrx_word' id='word_1_131' title='bbox 966 2066 1000 2128; x_wconf 94' lang='lat' dir='ltr'><strong>in</strong></span> <span class='ocrx_word' id='word_1_132' title='bbox 1017 2067 1058 2128; x_wconf 79' lang='lat' dir='ltr'><strong>Aa·</strong></span> 
     </span>
     <span class='ocr_line' id='line_1_20' title="bbox 113 2165 1058 2253; baseline 0.006 -26"><span class='ocrx_word' id='word_1_133' title='bbox 113 2180 214 2253; x_wconf 82' lang='lat' dir='ltr'><strong>gypto</strong></span> <span class='ocrx_word' id='word_1_134' title='bbox 241 2167 513 2253; x_wconf 75' lang='lat' dir='ltr'><strong>peregrinabatur,</strong></span> <span class='ocrx_word' id='word_1_135' title='bbox 551 2189 620 2230; x_wconf 90' lang='lat' dir='ltr'><strong>cum</strong></span> <span class='ocrx_word' id='word_1_136' title='bbox 655 2165 771 2229; x_wconf 81' lang='lat' dir='ltr'><strong>interea</strong></span> <span class='ocrx_word' id='word_1_137' title='bbox 799 2165 897 2232; x_wconf 87' lang='lat' dir='ltr'><strong>fratri</strong></span> <span class='ocrx_word' id='word_1_138' title='bbox 931 2170 1058 2233; x_wconf 85' lang='lat' dir='ltr'><strong>undecin</strong></span> 
     </span>
     <span class='ocr_line' id='line_1_21' title="bbox 113 2269 1057 2360; baseline -0.001 -27"><span class='ocrx_word' id='word_1_139' title='bbox 113 2284 245 2354; x_wconf 80' lang='lat' dir='ltr'><strong>nepotes</strong></span> <span class='ocrx_word' id='word_1_140' title='bbox 267 2283 298 2333; x_wconf 89' lang='lat' dir='ltr'><strong>et</strong></span> <span class='ocrx_word' id='word_1_141' title='bbox 326 2273 433 2358; x_wconf 83' lang='lat' dir='ltr'><strong>magni</strong></span> <span class='ocrx_word' id='word_1_142' title='bbox 464 2273 555 2334; x_wconf 89' lang='lat' dir='ltr'><strong>duces</strong></span> <span class='ocrx_word' id='word_1_143' title='bbox 583 2269 649 2332; x_wconf 91' lang='lat' dir='ltr'><strong>nati</strong></span> <span class='ocrx_word' id='word_1_144' title='bbox 677 2280 788 2334; x_wconf 84' lang='lat' dir='ltr'><strong>essent.</strong></span> <span class='ocrx_word' id='word_1_145' title='bbox 831 2272 944 2360; x_wconf 85' lang='lat' dir='ltr'><strong>Igitur</strong></span> <span class='ocrx_word' id='word_1_146' title='bbox 973 2292 1057 2334; x_wconf 76' lang='lat' dir='ltr'><strong>secca-</strong></span> 
     </span>
     <span class='ocr_line' id='line_1_22' title="bbox 114 2371 1058 2460; baseline 0.001 -24"><span class='ocrx_word' id='word_1_147' title='bbox 114 2372 190 2436; x_wconf 88' lang='lat' dir='ltr'><strong>dum</strong></span> <span class='ocrx_word' id='word_1_148' title='bbox 210 2373 333 2435; x_wconf 78' lang='lat' dir='ltr'><strong>literam</strong></span> <span class='ocrx_word' id='word_1_149' title='bbox 354 2395 482 2460; x_wconf 83' lang='lat' dir='ltr'><strong>quoque</strong></span> <span class='ocrx_word' id='word_1_150' title='bbox 501 2374 628 2456; x_wconf 90' lang='lat' dir='ltr'><strong>impleta</strong></span> <span class='ocrx_word' id='word_1_151' title='bbox 649 2385 694 2435; x_wconf 90' lang='lat' dir='ltr'><strong>est</strong></span> <span class='ocrx_word' id='word_1_152' title='bbox 714 2374 887 2458; x_wconf 86' lang='lat' dir='ltr'><strong>prophetia</strong></span> <span class='ocrx_word' id='word_1_153' title='bbox 909 2373 981 2436; x_wconf 89' lang='lat' dir='ltr'><strong>illa.</strong></span> <span class='ocrx_word' id='word_1_154' title='bbox 1010 2371 1058 2437; x_wconf 82' lang='lat' dir='ltr'><strong>set</strong></span> 
     </span>
     <span class='ocr_line' id='line_1_23' title="bbox 111 2475 1057 2560; baseline 0.003 -23"><span class='ocrx_word' id='word_1_155' title='bbox 111 2487 253 2558; x_wconf 86' lang='lat' dir='ltr'><strong>tempore</strong></span> <span class='ocrx_word' id='word_1_156' title='bbox 274 2475 398 2541; x_wconf 87' lang='lat' dir='ltr'><strong>Davidis</strong></span> <span class='ocrx_word' id='word_1_157' title='bbox 428 2479 525 2540; x_wconf 86' lang='lat' dir='ltr'><strong>crevit</strong></span> <span class='ocrx_word' id='word_1_158' title='bbox 553 2478 671 2552; x_wconf 86' lang='lat' dir='ltr'><strong>minor,</strong></span> <span class='ocrx_word' id='word_1_159' title='bbox 697 2475 809 2555; x_wconf 66' lang='lat' dir='ltr'><strong>lsrael,</strong></span> <span class='ocrx_word' id='word_1_160' title='bbox 841 2490 873 2539; x_wconf 90' lang='lat' dir='ltr'><strong>et</strong></span> <span class='ocrx_word' id='word_1_161' title='bbox 904 2475 1057 2560; x_wconf 84' lang='lat' dir='ltr'><strong>occupan’t</strong></span> 
     </span>
     <span class='ocr_line' id='line_1_24' title="bbox 52 2566 1058 2664; baseline 0.002 -25"><span class='ocrx_word' id='word_1_162' title='bbox 52 2612 61 2633; x_wconf 93' lang='lat'><strong>.·</strong></span> <span class='ocrx_word' id='word_1_163' title='bbox 112 2598 228 2663; x_wconf 81' lang='lat' dir='ltr'><strong>regna,</strong></span> <span class='ocrx_word' id='word_1_164' title='bbox 257 2592 288 2641; x_wconf 91' lang='lat' dir='ltr'><strong>et</strong></span> <span class='ocrx_word' id='word_1_165' title='bbox 308 2579 441 2664; x_wconf 82' lang='lat' dir='ltr'><strong>subjecit</strong></span> <span class='ocrx_word' id='word_1_166' title='bbox 469 2579 527 2642; x_wconf 88' lang='lat' dir='ltr'><strong>sibi</strong></span> <span class='ocrx_word' id='word_1_167' title='bbox 547 2579 639 2644; x_wconf 90' lang='lat' dir='ltr'><strong>etiam</strong></span> <span class='ocrx_word' id='word_1_168' title='bbox 659 2578 782 2656; x_wconf 81' lang='lat' dir='ltr'><strong>Ed0m3</strong></span> <span class='ocrx_word' id='word_1_169' title='bbox 814 2566 900 2643; x_wconf 83' lang='lat' dir='ltr'><strong>sicut</strong></span> <span class='ocrx_word' id='word_1_170' title='bbox 932 2579 968 2642; x_wconf 92' lang='lat' dir='ltr'><strong>in</strong></span> <span class='ocrx_word' id='word_1_171' title='bbox 989 2579 1058 2642; x_wconf 85' lang='lat' dir='ltr'><strong>Psal·</strong></span> 
     </span>
     <span class='ocr_line' id='line_1_25' title="bbox 112 2681 1059 2758; baseline 0.003 -15"><span class='ocrx_word' id='word_1_172' title='bbox 112 2704 164 2743; x_wconf 89' lang='lat' dir='ltr'><strong>mo</strong></span> <span class='ocrx_word' id='word_1_173' title='bbox 180 2686 229 2752; x_wconf 78' lang='lat'><strong>60.</strong></span> <span class='ocrx_word' id='word_1_174' title='bbox 260 2693 302 2755; x_wconf 80' lang='lat' dir='ltr'><strong>(v.</strong></span> <span class='ocrx_word' id='word_1_175' title='bbox 321 2685 384 2755; x_wconf 82' lang='lat'>10.)</span> <span class='ocrx_word' id='word_1_176' title='bbox 417 2681 545 2747; x_wconf 81' lang='lat' dir='ltr'><strong>dicitur:</strong></span> <span class='ocrx_word' id='word_1_177' title='bbox 587 2681 649 2758; x_wconf 85' lang='lat' dir='ltr'><strong>„lu</strong></span> <span class='ocrx_word' id='word_1_178' title='bbox 685 2681 866 2746; x_wconf 81' lang='lat' dir='ltr'><strong>Idumaeam</strong></span> <span class='ocrx_word' id='word_1_179' title='bbox 906 2684 1059 2746; x_wconf 81' lang='lat' dir='ltr'><strong>extendam</strong></span> 
     </span>
     <span class='ocr_line' id='line_1_26' title="bbox 112 2781 1059 2849; baseline 0.001 -2"><span class='ocrx_word' id='word_1_180' title='bbox 112 2784 349 2848; x_wconf 80' lang='lat' dir='ltr'><strong>calciamentum</strong></span> <span class='ocrx_word' id='word_1_181' title='bbox 370 2793 512 2849; x_wconf 88' lang='lat' dir='ltr'><strong>meum“.</strong></span> <span class='ocrx_word' id='word_1_182' title='bbox 553 2781 636 2846; x_wconf 86' lang='lat' dir='ltr'><strong>lnfra</strong></span> <span class='ocrx_word' id='word_1_183' title='bbox 654 2805 726 2846; x_wconf 86' lang='lat' dir='ltr'><strong>vero</strong></span> <span class='ocrx_word' id='word_1_184' title='bbox 747 2783 835 2848; x_wconf 84' lang='lat' dir='ltr'><strong>Isaac</strong></span> <span class='ocrx_word' id='word_1_185' title='bbox 865 2784 902 2848; x_wconf 93' lang='lat' dir='ltr'><strong>in</strong></span> <span class='ocrx_word' id='word_1_186' title='bbox 926 2786 1059 2849; x_wconf 84' lang='lat' dir='ltr'><strong>benedic·</strong></span> 
     </span>
    </p>
   </div>
   <div class='ocr_carea' id='block_1_3' title="bbox 2 2885 1060 2979">
    <p class='ocr_par' dir='ltr' id='par_1_4' title="bbox 2 2885 1060 2979">
     <span class='ocr_line' id='line_1_27' title="bbox 2 2885 1060 2979; baseline 0.002 -32"><span class='ocrx_word' id='word_1_187' title='bbox 2 2974 5 2979; x_wconf 28' lang='grc' dir='ltr'>Ι</span> <span class='ocrx_word' id='word_1_188' title='bbox 109 2886 195 2948; x_wconf 76' lang='lat' dir='ltr'><strong>tiam</strong></span> <span class='ocrx_word' id='word_1_189' title='bbox 215 2885 301 2948; x_wconf 86' lang='lat' dir='ltr'><strong>Esau</strong></span> <span class='ocrx_word' id='word_1_190' title='bbox 322 2886 400 2949; x_wconf 87' lang='lat' dir='ltr'><strong>hanc</strong></span> <span class='ocrx_word' id='word_1_191' title='bbox 419 2886 662 2971; x_wconf 75' lang='lat' dir='ltr'><strong>promissionem</strong></span> <span class='ocrx_word' id='word_1_192' title='bbox 682 2900 813 2970; x_wconf 84' lang='lat' dir='ltr'><strong>exponet</strong></span> <span class='ocrx_word' id='word_1_193' title='bbox 835 2898 868 2950; x_wconf 91' lang='lat' dir='ltr'><strong>et</strong></span> <span class='ocrx_word' id='word_1_194' title='bbox 890 2886 1060 2973; x_wconf 79' lang='lat' dir='ltr'><strong>mitigabit,</strong></span> 
     </span>
    </p>
   </div>
   <div class='ocr_carea' id='block_1_4' title="bbox 106 2986 1061 3688">
    <p class='ocr_par' dir='ltr' id='par_1_5' title="bbox 106 2986 1061 3485">
     <span class='ocr_line' id='line_1_28' title="bbox 110 2986 1060 3071; baseline 0.006 -22"><span class='ocrx_word' id='word_1_195' title='bbox 110 2987 196 3071; x_wconf 84' lang='lat' dir='ltr'><strong>quod</strong></span> <span class='ocrx_word' id='word_1_196' title='bbox 217 2986 346 3050; x_wconf 84' lang='lat' dir='ltr'><strong>servitus</strong></span> <span class='ocrx_word' id='word_1_197' title='bbox 373 2987 432 3052; x_wconf 87' lang='lat' dir='ltr'><strong>ista</strong></span> <span class='ocrx_word' id='word_1_198' title='bbox 463 2989 505 3052; x_wconf 84' lang='lat' dir='ltr'><strong>ad</strong></span> <span class='ocrx_word' id='word_1_199' title='bbox 535 3000 653 3052; x_wconf 82' lang='lat' dir='ltr'><strong>certum</strong></span> <span class='ocrx_word' id='word_1_200' title='bbox 679 3001 801 3071; x_wconf 83' lang='lat' dir='ltr'><strong>tempus</strong></span> <span class='ocrx_word' id='word_1_201' title='bbox 836 2990 997 3054; x_wconf 89' lang='lat' dir='ltr'><strong>duratura</strong></span> <span class='ocrx_word' id='word_1_202' title='bbox 1021 2991 1060 3055; x_wconf 82' lang='lat' dir='ltr'><strong>eit.</strong></span> 
     </span>
     <span class='ocr_line' id='line_1_29' title="bbox 107 3087 1061 3175; baseline 0.001 -21"><span class='ocrx_word' id='word_1_203' title='bbox 107 3090 160 3154; x_wconf 78' lang='lat' dir='ltr'><strong>Sic</strong></span> <span class='ocrx_word' id='word_1_204' title='bbox 182 3089 265 3156; x_wconf 88' lang='lat' dir='ltr'><strong>enim</strong></span> <span class='ocrx_word' id='word_1_205' title='bbox 285 3088 328 3151; x_wconf 90' lang='lat' dir='ltr'><strong>ait</strong></span> <span class='ocrx_word' id='word_1_206' title='bbox 348 3087 445 3165; x_wconf 80' lang='lat' dir='ltr'><strong>(Gen.</strong></span> <span class='ocrx_word' id='word_1_207' title='bbox 463 3097 520 3170; x_wconf 73' lang='lat'><strong>97,</strong></span> <span class='ocrx_word' id='word_1_208' title='bbox 541 3091 625 3168; x_wconf 53' lang='lat'>⁴100:</span> <span class='ocrx_word' id='word_1_209' title='bbox 656 3090 793 3169; x_wconf 87' lang='lat' dir='ltr'><strong>„Veniet</strong></span> <span class='ocrx_word' id='word_1_210' title='bbox 814 3102 969 3175; x_wconf 84' lang='lat' dir='ltr'><strong>tempus,</strong></span> <span class='ocrx_word' id='word_1_211' title='bbox 999 3113 1061 3155; x_wconf 87' lang='lat' dir='ltr'><strong>cum</strong></span> 
     </span>
     <span class='ocr_line' id='line_1_30' title="bbox 108 3192 1059 3280; baseline -0.004 -22"><span class='ocrx_word' id='word_1_212' title='bbox 108 3195 240 3258; x_wconf 72' lang='lat' dir='ltr'><strong>excutias</strong></span> <span class='ocrx_word' id='word_1_213' title='bbox 262 3205 291 3257; x_wconf 91' lang='lat' dir='ltr'><strong>et</strong></span> <span class='ocrx_word' id='word_1_214' title='bbox 311 3193 411 3257; x_wconf 78' lang='lat' dir='ltr'><strong>colena</strong></span> <span class='ocrx_word' id='word_1_215' title='bbox 442 3194 551 3280; x_wconf 81' lang='lat' dir='ltr'><strong>jugum</strong></span> <span class='ocrx_word' id='word_1_216' title='bbox 580 3195 648 3278; x_wconf 78' lang='lat' dir='ltr'><strong>ejus</strong></span> <span class='ocrx_word' id='word_1_217' title='bbox 676 3193 714 3256; x_wconf 89' lang='lat' dir='ltr'><strong>de</strong></span> <span class='ocrx_word' id='word_1_218' title='bbox 743 3192 929 3258; x_wconf 74' lang='lat' dir='ltr'><strong>cervicibus</strong></span> <span class='ocrx_word' id='word_1_219' title='bbox 957 3193 1059 3270; x_wconf 83' lang='lat' dir='ltr'><strong>tuis“3</strong></span> 
     </span>
     <span class='ocr_line' id='line_1_31' title="bbox 106 3292 1060 3381; baseline 0 -24"><span class='ocrx_word' id='word_1_220' title='bbox 106 3296 201 3381; x_wconf 82' lang='lat' dir='ltr'><strong>idque</strong></span> <span class='ocrx_word' id='word_1_221' title='bbox 223 3296 337 3358; x_wconf 84' lang='lat' dir='ltr'><strong>accidit</strong></span> <span class='ocrx_word' id='word_1_222' title='bbox 357 3308 496 3378; x_wconf 89' lang='lat' dir='ltr'><strong>tempora</strong></span> <span class='ocrx_word' id='word_1_223' title='bbox 518 3292 625 3371; x_wconf 68' lang='lat' dir='ltr'><strong>Atat),</strong></span> <span class='ocrx_word' id='word_1_224' title='bbox 651 3295 706 3357; x_wconf 90' lang='lat' dir='ltr'><strong>nbi</strong></span> <span class='ocrx_word' id='word_1_225' title='bbox 726 3294 834 3358; x_wconf 86' lang='lat' dir='ltr'><strong>Edem</strong></span> <span class='ocrx_word' id='word_1_226' title='bbox 856 3293 1060 3378; x_wconf 73' lang='lat' dir='ltr'><strong>apostatavit,</strong></span> 
     </span>
     <span class='ocr_line' id='line_1_32' title="bbox 108 3395 658 3485; baseline -0.009 -24"><span class='ocrx_word' id='word_1_227' title='bbox 108 3411 139 3468; x_wconf 84' lang='lat' dir='ltr'><strong>et</strong></span> <span class='ocrx_word' id='word_1_228' title='bbox 159 3397 256 3483; x_wconf 81' lang='lat' dir='ltr'><strong>elegit</strong></span> <span class='ocrx_word' id='word_1_229' title='bbox 276 3395 336 3458; x_wconf 84' lang='lat' dir='ltr'><strong>sibi</strong></span> <span class='ocrx_word' id='word_1_230' title='bbox 356 3395 522 3479; x_wconf 88' lang='lat' dir='ltr'><strong>proprium</strong></span> <span class='ocrx_word' id='word_1_231' title='bbox 542 3416 658 3485; x_wconf 83' lang='lat' dir='ltr'><strong>regem.</strong></span> 
     </span>
    </p>

    <p class='ocr_par' dir='ltr' id='par_1_6' title="bbox 106 3495 1058 3688">
     <span class='ocr_line' id='line_1_33' title="bbox 185 3495 1058 3584; baseline -0.002 -21"><span class='ocrx_word' id='word_1_232' title='bbox 185 3498 272 3564; x_wconf 84' lang='lat' dir='ltr'><strong>Ilaec</strong></span> <span class='ocrx_word' id='word_1_233' title='bbox 290 3498 390 3584; x_wconf 78' lang='lat' dir='ltr'><strong>igitar</strong></span> <span class='ocrx_word' id='word_1_234' title='bbox 410 3516 531 3560; x_wconf 81' lang='lat' dir='ltr'><strong>summa</strong></span> <span class='ocrx_word' id='word_1_235' title='bbox 551 3510 597 3560; x_wconf 85' lang='lat' dir='ltr'><strong>est</strong></span> <span class='ocrx_word' id='word_1_236' title='bbox 624 3495 849 3583; x_wconf 72' lang='lat' dir='ltr'><strong>promistionis</strong></span> <span class='ocrx_word' id='word_1_237' title='bbox 879 3510 914 3560; x_wconf 86' lang='lat' dir='ltr'><strong>et</strong></span> <span class='ocrx_word' id='word_1_238' title='bbox 943 3497 1058 3561; x_wconf 85' lang='lat' dir='ltr'><strong>eraudi·</strong></span> 
     </span>
     <span class='ocr_line' id='line_1_34' title="bbox 106 3598 1058 3688; baseline -0.006 -16"><span class='ocrx_word' id='word_1_239' title='bbox 106 3600 201 3672; x_wconf 79' lang='lat' dir='ltr'><strong>tiocia</strong></span> <span class='ocrx_word' id='word_1_240' title='bbox 222 3614 284 3667; x_wconf 86' lang='lat' dir='ltr'><strong>tam</strong></span> <span class='ocrx_word' id='word_1_241' title='bbox 306 3599 479 3688; x_wconf 75' lang='lat' dir='ltr'><strong>opulentae</strong></span> <span class='ocrx_word' id='word_1_242' title='bbox 521 3598 576 3664; x_wconf 76' lang='lat' dir='ltr'><strong>Sic</strong></span> <span class='ocrx_word' id='word_1_243' title='bbox 607 3598 691 3664; x_wconf 83' lang='lat' dir='ltr'><strong>enlm</strong></span> <span class='ocrx_word' id='word_1_244' title='bbox 712 3620 780 3664; x_wconf 84' lang='lat' dir='ltr'><strong>eam</strong></span> <span class='ocrx_word' id='word_1_245' title='bbox 800 3601 990 3664; x_wconf 81' lang='lat' dir='ltr'><strong>consolatus</strong></span> <span class='ocrx_word' id='word_1_246' title='bbox 1018 3614 1058 3666; x_wconf 80' lang='lat' dir='ltr'><strong>est</strong></span> 
     </span>
    </p>
   </div>
   <div class='ocr_carea' id='block_1_5' title="bbox 0 0 1096 4050">
    <p class='ocr_par' dir='ltr' id='par_1_7' title="bbox 0 0 1096 4050">
     <span class='ocr_line' id='line_1_35' title="bbox 0 0 1096 4050; baseline 0 3"><span class='ocrx_word' id='word_1_247' title='bbox 0 0 1096 4050; x_wconf 95' lang='lat' dir='ltr'><strong> </strong></span> 
     </span>
    </p>
   </div>
  </div>
 </body>
</html>
