2182 4050
399 170 612 265 genesis..)
674 132 698 150 Ἰ
738 130 773 157 '¹
852 242 857 259 ι
900 176 961 247 243

10 335 117 390 temen
140 312 343 388 nihilominus
363 325 413 409 jus
444 349 535 391 snum
556 324 705 391 obtinere.¹
747 326 811 389 Sed
830 328 961 408 epistole

10 432 55 494 ed
75 432 234 493 Hebreeoe
257 432 321 502 (19,
344 433 408 501 17.)
429 440 575 503 testetur,
596 448 668 489 eum
686 442 794 511 postes
814 430 961 514 reprobe·

10 540 81 597 'tum
102 557 187 608 esse,
217 544 247 594 et
275 538 453 614 quenquam
474 541 605 615 conotus
632 529 674 591 sit
691 551 876 615 recuperare
897 533 961 614 pri-

14 616 256 722 mog'enitursm,
279 633 366 716 quo'd
376 635 549 717 poeniteret
559 654 631 695 enm
643 632 840 709 venditionis,
857 644 963 717 temen

16 737 95 797 nihil
116 737 285 818 profecisse
315 735 507 817 poenitentis
525 734 596 795 illa:
623 755 690 797 ιιοιι
717 733 804 819 qnod
828 756 896 798 non
920 737 963 799 sit
1023 778 1026 785 .

10 840 165 911 solvetus,
188 839 241 899 sod
263 837 349 920 quod
368 825 463 899 nullis
483 834 628 918 lecrymie
648 834 895 923 benedictionem
915 856 962 899 se-¹

11 944 79 1005 mel
101 942 245 1007 emissam
273 938 423 1024 consequi
452 938 598 1023 potnerit.
640 934 694 1000 Sin
721 936 822 1037 igiter
849 938 961 1016 sentio,
1062 968 1068 979 ’

12 1044 109 1107 ofl'em
135 1045 225 1105 illem
251 1028 366 1105 scisse
375 1041 512 1126 pretium
543 1041 637 1124 nujus
664 1030 868 1119 venditionis
901 1062 964 1107 neo
1039 1024 1044 1040 ’

10 1146 135 1228 occipio
153 1144 371 1209 Rebbincrnm
391 1145 539 1228 glossem,
559 1142 632 1227 quin
652 1157 724 1205 sont
736 1136 879 1209 homines
897 1165 962 1209 esr-

10 1250 112 1326 neles,
133 1247 188 1332 qui
210 1245 287 1307 nihil
306 1245 516 1334 intelligunt
504 1268 538 1309 ιιι
557 1247 653 1311 neoris
663 1244 780 1309 'litene

10 1658 385 1732 VIGESIMUM
448 1657 709 1757 SEXTUM
762 1638 963 1734 CAPUT.
1055 1696 1059 1705 ·

355 1778 629 1853 GENESIS
743 1830 746 1839 ·
888 1802 891 1809 ·
962 1798 966 1805 '

10 1943 118 2008 Orto
139 1957 351 2009 estensem
378 1942 536 2008 fomes
525 1968 565 2008 ιιι
591 1918 703 2021 tenne
722 1959 888 2029 prester
907 1898 962 2009 sei

13 2068 110 2109 mem
137 2047 334 2130 priorem,
366 2069 465 2133 ques
491 2045 609 2110 fuit
596 2064 642 2107 -sn
669 2045 811 2110 diebus
832 2048 962 2119 Abre-

10 2152 119 2235 dem,
147 2162 184 2213 et
213 2149 313 2229 obiit
339 2149 449 2211 lseec
477 2150 525 2212 ed
548 2148 797 2227 Abimslsch,
826 2170 962 2237 regem

213 2244 603 2319 Palaestinornm‘in
621 2250 757 2315 Geren.

99 2371 196 2456 Ssepe
223 2375 343 2438 dictum
369 2387 416 2437 cst
441 2375 475 2436 in
501 2374 579 2436 hcc
589 2385 658 2447 toto,
682 2374 787 2453 liltro,
815 2374 961 2441 historias

12 2475 144 2539 Petrum
165 2479 297 2541 describi
326 2481 416 2562 qussi
440 2480 474 2545 in
495 2475 610 2539 cortine
628 2474 717 2545 velde
736 2479 810 2555 vili,
839 2491 880 2541 et
877 2500 963 2583 pro·

10 2578 96 2662 poni
117 2580 182 2642 sine
204 2586 293 2643 omni
315 2582 482 2664 splendore
502 2592 554 2643 ent
574 2597 694 2662 pompe
712 2558 927 2667 religioniss
915 2602 965 2663 jn·

13 2680 117 2743 stitise
138 2694 168 2743 et
187 2684 375 2765 sapienties,
396 2684 460 2745 imo
481 2682 686 2766 sitientissime
705 2682 809 2767 specis
830 2694 961 2749 oedono·

14 2786 98 2847 miae
119 2799 148 2847 et
168 2787 247 2850 vitae
268 2787 452 2870 corporolie
495 2784 582 2868 Quid
609 2785 692 2848 enim
712 2782 799 2847 slind
819 2783 966 2848 delesse

15 2891 125 2950 recitet
145 2888 271 2964 Moses,
299 2910 393 2971 qoem
415 2887 501 2972 quod
522 2898 611 2947 netns
632 2885 673 2949 sit
692 2908 728 2950 ex
756 2899 843 2971 petre
864 2887 962 2947 Abre-

10 2991 101 3065 :lesen
121 2992 313 3089 generaverit
332 2988 433 3065 filios,
463 2989 582 3073 paverit
601 2990 754 3071 pecudes,
776 3000 902 3073 vegetere
922 2988 964 3050 sit

17 3093 49 3153 in
71 3092 201 3155 diversis
221 3092 427 3177 regionibus?
468 3090 582 3153 Porum
601 3090 646 3179 ihi
667 3092 715 3155 vel
736 3091 815 3152 nihil
835 3087 873 3150 de
893 3110 962 3170 prc-

10 3196 108 3257 cibus
130 3208 160 3256 et
186 3195 369 3287 monstrosis
398 3192 602 3279 religionibus
623 3174 852 3261 Mesochorum
873 3191 963 3255 doee-

15 3309 79 3359 tur.
123 3296 210 3380 Quid
237 3298 275 3359 ed
296 3317 346 3357 me
366 3308 485 3371 sutem,
512 3298 600 3380 qnod
627 3294 685 3359 fnit
704 3294 847 3367 meritus,
876 3294 980 3376 qnod

10 3398 167 3461 dormivit
189 3420 258 3461 cum
280 3399 400 3460 uxore?
435 3397 521 3459 Num
540 3396 599 3457 ists
618 3397 652 3459 in
673 3396 804 3459 ecclesie
823 3395 963 3460 docende

10 3501 116 3563 sunt?
138 3500 190 3562 Sic
211 3503 293 3563 onim
313 3520 386 3562 cero
408 3501 440 3560 in
461 3500 518 3559 ists
538 3512 658 3561 externe
681 3511 711 3561 ct
727 3497 876 3561 vilissime
895 3519 964 3581 spe·
1059 3500 1062 3505 ’

10 3605 62 3669 eie
86 3603 210 3678 haeret,
230 3625 301 3667 oum
321 3607 463 3667 intuetur
482 3604 575 3665 vitem
597 3600 735 3677 Petrum,
757 3622 859 3684 neque
878 3601 962 3686 quic-

571 3707 612 3773 tt
628 3704 646 3742 ⁴¹
