2182 4050
116 160 182 227 344
307 155 563 244 vigesimum
584 166 747 221 sextum
769 122 900 235 ciunt

116 309 176 395 pit.
218 306 281 371 set
308 304 400 371 debet
425 326 494 371 estc
520 303 695 370 differentis
722 303 817 366 iuter
837 303 1045 387 superiorcust

118 410 319 488 inferiorem,
348 409 431 473 inter
449 422 591 493 porcutcs
611 409 811 484 utlibero13
843 420 933 492 poter
949 414 1046 475 susus
1068 422 1071 431 '

118 526 180 577 tcto
200 526 232 575 et
250 511 432 577 necessitato
450 512 560 599 potios·
579 524 609 575 st
629 513 735 597 msjor
756 522 819 573 cst.
841 510 919 573 idco
931 507 1046 579 iiliusus

119 637 275 701 qucquam
294 636 373 701 crgo
390 620 513 699 peticus
531 634 564 677 so
583 634 696 701 gerere
710 610 815 677 debet
836 613 920 687 sicut
935 627 1048 698 pctus

118 738 160 802 gs
180 716 299 792 filium,
317 727 349 779 ct
369 738 502 792 „eorem
522 736 600 779 cono
620 718 724 801 cupite
754 722 957 800 auurgct“,
977 717 1051 802 ioqui

117 842 177 885 vox
197 820 318 895 dimoc,
339 819 451 896 (Num.
476 826 531 898 19,
551 824 629 892 32).
671 820 726 884 Sic
746 818 845 882 iscoo
864 836 935 881 non
946 818 1053 887 diesim
1090 849 1091 868 1

117 925 162 988 tst
181 924 263 1009 regis
282 936 314 986 ct
333 922 506 987 amicorum
534 923 601 1005 ojus
629 933 821 1006 peccatum,
853 940 924 983 nou
943 922 1052 989 eduin

118 1026 179 1103 cis,
206 1027 261 1089 sed
281 1048 353 1090 cum
372 1025 551 1089 reverentis.
571 1026 706 1109 qusdom
734 1023 863 1110 arguit.
916 1021 1053 1105 Qucrctc

118 1130 190 1192 uitis
216 1130 256 1192 cti
276 1152 345 1204 me,
375 1150 447 1192 cum
468 1128 532 1192 sitis
553 1128 631 1190 mihi
657 1127 810 1191 infensi?
854 1124 1004 1207 Muses,
1017 1152 1054 1195 tot

117 1233 288 1316 peccesne?
327 1230 395 1295 Cur
414 1231 499 1295 enim
518 1232 650 1315 ejecistis
670 1233 750 1294 ms?
782 1230 866 1295 Non
887 1251 995 1295 recuso
1011 1237 1054 1319 qui

118 1336 190 1398 dem
210 1334 406 1418 colloquium
426 1335 658 1413 vestrumst
678 1338 770 1414 scio,
800 1355 866 1399 cos
888 1354 957 1401 csse
975 1322 1055 1423 plois

118 1434 193 1498 odio
214 1447 245 1495 ct
266 1433 390 1496 invidis.

196 1536 248 1601 Ao
275 1535 359 1599 hunc
386 1534 516 1609 modum
543 1550 708 1620 poooctum
740 1558 815 1602 non
848 1550 902 1603 est
920 1540 1050 1625 justifies

118 1642 215 1721 dum,
234 1660 293 1703 nee
313 1651 360 1702 est
379 1637 551 1701 lsudcudus
571 1655 728 1723 peccator.
762 1643 903 1727 Quodsi
919 1649 1055 1727 estsecicr,

118 1746 175 1830 qui
194 1743 350 1807 commisit
368 1753 548 1826 peccatum,
569 1743 708 1830 benigne
728 1747 963 1831 admonendos
981 1766 1057 1829 estut

117 1849 145 1914 si
165 1846 249 1911 iilius
269 1859 412 1929 ponentes
434 1847 474 1909 de
494 1846 599 1928 aliquo
615 1862 748 1932 peccato
764 1851 950 1934 corripiet:
969 1854 1009 1915 ttfi
1019 1878 1056 1939 ps

115 1965 177 2026 ter,
200 1950 299 2024 dicet,
321 1969 388 2009 mes
409 1961 521 2024 motor,
542 1970 606 2012 nou
627 1953 784 2017 videntur
812 1952 903 2016 haee
925 1959 1054 2021 conscio

116 2053 255 2116 honestis
276 2051 473 2126 hominibus,
503 2071 568 2112 uon
590 2054 674 2117 decet
696 2078 812 2120 senem
838 2059 1000 2135 scortatio,
1021 2061 1058 2122 ti·

116 2158 264 2221 ultorium
292 2168 322 2216 et
350 2152 410 2215 slis
435 2149 579 2215 focinors.
623 2156 821 2240 Prophetsm
847 2172 956 2222 sutem
972 2162 1054 2224 decen

117 2260 285 2345 sliqusndo
306 2258 446 2320 duriores
466 2257 708 2341 increpetiones3
734 2263 821 2324 sicut
845 2263 1053 2327 viderenthoc

117 2365 189 2427 loco
211 2364 245 2424 iu
266 2359 408 2442 exemplo
431 2360 525 2422 losse.
548 2363 614 2424 Rex
635 2377 742 2425 autem
767 2387 849 2427 cum
875 2368 989 2444 amicis,
1003 2369 1056 2450 quis

116 2468 237 2540 vident,
264 2464 378 2547 justam
406 2484 471 2524 esse
500 2464 578 2528 hono
603 2466 918 2550 reprehensionem,
955 2470 1056 2532 intectus

115 2582 288 2653 peccatum,
309 2580 339 2627 et
358 2565 518 2648 appellunt
538 2590 607 2631 eum
620 2571 833 2633 benedictum
853 2573 989 2647 Domini,
1002 2595 1055 2657 qoo-

116 2673 145 2735 si
164 2672 319 2734 dicerent:
341 2669 570 2756 Agnoscimus,
591 2680 647 2732 no's
668 2672 753 2734 msie
777 2673 921 2751 fecisse,
949 2697 1008 2737 com
1025 2676 1055 2736 in·

116 2778 199 2860 justo
222 2776 295 2837 odio
317 2788 346 2835 ts
368 2774 549 2857 prosequuti
570 2795 693 2848 sumus3
717 2776 917 2843 neminimus
938 2781 1054 2855 suim,te

116 2900 182 2942 esse
202 2876 401 2938 benedictum
423 2876 561 2938 Domini.
603 2876 750 2938 Vidimus
773 2881 929 2962 quidem,
948 2894 976 2944 te
995 2905 1054 2944 cres

115 3003 184 3044 cere
206 2994 236 3043 ot
256 2980 367 3065 sugeri
386 2978 600 3052 facultatibus,
621 2980 676 3040 sed
698 3002 766 3041 non
787 2985 1008 3070 cogitavimus,
1023 2986 1053 3046 tii

113 3086 202 3147 viuse
228 3081 441 3145 benedictioni
472 3083 531 3142 hoc
568 3101 635 3141 esse
671 3096 843 3165 occeptum
872 3085 1052 3151 referendum.

113 3187 210 3249 Nunc
231 3206 303 3250 uero
326 3184 424 3266 operti
446 3183 637 3259 suntoculi,
667 3186 764 3248 cordo
795 3201 831 3249 et
851 3208 961 3265 cures,
987 3202 1013 3251 et
1028 3190 1052 3250 ti-

113 3290 224 3356 henter
250 3289 466 3371 agnoscimus,
492 3298 523 3347 te
543 3284 699 3348 immerito
729 3287 850 3373 injuria
880 3313 899 3352 s
922 3291 1007 3353 nobis
1024 3289 1052 3352 ci-

113 3392 231 3456 ssctum
253 3412 327 3453 csso.
369 3388 445 3449 Non
466 3400 610 3453 excusent
630 3402 812 3470 peccatum,
836 3395 894 3454 sed
913 3394 1051 3477 mitigant:

113 3495 186 3555 ostis
208 3489 465 3567 tomemfstentur
479 3492 645 3564 delictum,
666 3515 738 3555 cum
757 3493 888 3556 dicunt:
912 3495 1050 3567 Videmus,

113 3597 200 3683 quod
223 3596 374 3663 Dominus
395 3609 497 3659 tecum
518 3607 572 3658 cst.
621 3593 665 3658 lto
692 3596 952 3679 complectuntur
976 3594 1048 3658 simui
