2182 4050
428 185 600 273 generia-
629 230 638 249 a
667 266 670 286 Ι
914 188 985 265 '221

66 358 93 401 aa
113 338 217 404 rerba
248 351 375 405 externo
405 358 472 403 non
501 336 684 403 credidisset
703 332 859 401 Abrabam
887 336 986 401 divar·

66 466 115 522 m,
136 464 199 509 nao
220 454 370 509 mntaaaat
391 440 582 505 senteutiam.

109 578 244 645 Deinde
262 578 414 643 credibile
435 590 497 652 eat,
519 575 672 661 singulari
693 574 831 659 quandam
851 586 885 639 at
900 596 988 639 area·

66 695 185 747 omotn
207 683 364 747 Abrabam
391 681 710 751 continuissemanna
732 679 987 759 contramandv

66 810 109 849 an.
137 784 232 849 Sicut
250 786 286 848 in
308 783 405 847 veteri
426 796 608 845 tentamento
631 782 805 865 Prophetae
825 782 922 845 malta
942 780 987 845 lo*

66 904 140 955 eunt
170 903 285 953 contra
315 886 461 961 verbum,
489 899 525 948 nt
544 886 633 948 Elina
662 884 800 949 aedificat
822 871 926 949 ⁴altrtre
939 885 987 949 'in

66 1008 137 1057 rante
158 990 315 1064 Carmeli,
346 1002 377 1052 et
396 985 542 1051 interficit
562 987 736 1069 Prophetae
757 988 851 1063 baal,
881 1000 988 1051 contra

66 1118 127 1158 eam
147 1096 261 1158 Moneo
284 1094 393 1169 (Deua.
418 1099 473 1167 12,
494 1096 540 1161 5.)
569 1104 784 1174 praeceperat:
814 1089 875 1167 „ln
902 1092 988 1167 loao‚'

66 1220 125 1261 rem
147 1199 281 1286 elegerit
302 1198 404 1273 Deua,
432 1195 477 1258 ibi
498 1192 652 1270 offerea“;
681 1195 741 1257 boo
768 1216 834 1257 non
856 1195 988 1257 reward

66 1301 135 1376 liae,
162 1324 225 1364 uec
245 1300 400 1364 Elizaena.
430 1296 506 1359 Item
526 1297 618 1360 multi
638 1296 811 1380 Prophetae
836 1298 869 1361 in
891 1298 987 1364 laradl

66 1418 168 1482 erunt,
192 1403 250 1488 qai
271 1425 336 1466 non
360 1414 508 1469 venerunt
528 1400 788 1485 Hieroaolymam,
809 1414 845 1465 ut
863 1402 911 1464 ibi
931 1402 987 1468 do·¹

66 1522 146 1571 reni.
928 1518 931 1523 '

108 1630 153 1691 Hi
176 1651 288 1695 omnen
310 1630 501 1719 singularem
516 1629 668 1714 impetum
685 1652 756 1692 num
769 1630 906 1715 quodam
922 1618 989 1714 pri}

66 1732 150 1821 legio
174 1734 362 1797 babuerunt
406 1733 457 1798 Sic
479 1734 604 1797 Simeon
627 1733 816 1820 peculiarem
838 1734 997 1825 spiritnrtt'¹

66 1836 149 1911 abuit,
173 1838 302 1921 qnando
322 1841 448 1903 leonem
470 1838 627 1912 dilacerat,
649 1849 681 1900 et
700 1838 786 1900 mille
804 1838 988 1911 Philiataeot',

66 1938 153 2002 taxilla
177 1940 262 2001 asini
282 1940 347 2002 aina
367 1941 459 2003 arania
480 1938 622 2004 trucidat.
651 1938 705 2002 lati
727 1938 901 2025 ringularea
922 1938 988 2005 ntoL

66 2066 89 2105 ra
106 2056 133 2105 et
154 2043 279 2105 heroici
305 2042 432 2128 spiritua
453 2063 546 2124 eupra
573 2062 767 2106 communem
795 2038 936 2130 regulam
957 2056 989 2139 Ιοἱ

66 2144 191 2208 itionem
213 2158 301 2220 anot,
328 2142 598 2229 „quemadmodum
624 2144 658 2206 in
679 2145 811 2227 politico
833 2149 988 2235 regimine

67 2248 176 2311 demna
200 2247 369 2309 diacriman
391 2250 549 2329 quoddam
578 2248 827 2333 gubernatorum
847 2261 879 2333 et
898 2240 988 2333 prirlss

66 2374 152 2435 pum.
178 2344 313 2433 Quidam
335 2348 367 2412 in
387 2351 615 2437 gubernatione
637 2364 758 2416 terrant
777 2352 864 2441 leger
886 2364 915 2413 et
936 2352 987 2435 jue

66 2474 222 2526 tmmune,
244 2452 371 2535 quidam
392 2475 473 2531 non,
495 2466 531 2517 ut
551 2456 726 2518 Alexander
747 2454 845 2515 nullia
864 2454 988 2541 legibnd

66 2580 71 2617 t
89 2552 244 2641 adstringi
266 2554 401 2636 patitur,
423 2558 479 2621 aed
500 2557 677 2642 per'r'nmpit
697 2576 754 2619 ano
778 2556 912 2639 quodam
927 2558 990 2623 'inb

66 2670 118 2732 tln,
141 2654 291 2740 quodni)
312 2658 383 2734 aliia
404 2658 473 2722 fieri
494 2681 693 2745 nequaqnam
712 2670 830 2742 posset.
887 2655 891 2663 ’

113 2802 201 2867 liaeo
219 2804 252 2867 in
273 2807 420 2891 cremplie
441 2807 572 2870 ethnicia
594 2805 762 2869 cernimnar
785 2816 901 2889 quanto
923 2826 988 2887 ma·

66 2903 196 2969 iaDana
216 2910 385 2971 reaerrarit
405 2908 467 2971 eibi
487 2909 599 2973 beroea
620 2910 654 2971 iu
675 2928 733 2971 aun
754 2910 902 2992 populo?
929 2910 987 2975 Gi·

66 3030 119 3071 aou
139 3011 285 3073 trecenti·
311 3008 464 3071 militibus
485 3004 667 3096 profligarit
687 3011 851 3073 exercitum
871 3013 989 3081 Midiae

66 3110 179 3173 larum.
203 3110 473 3194 SupraAbraham
495 3122 629 3193 quatuor
648 3130 739 3193 rogeo
760 3113 874 3201 exigue
893 3136 987 3179 mann

66 3211 159 3287 ericit,
195 3212 281 3275 Haec
301 3232 366 3274 non
387 3224 460 3275 aunt
481 3210 618 3295 vulgaria
640 3215 797 3296 exempla,
819 3214 874 3276 aed
894 3216 987 3280 mira-

65 3312 114 3389 lia,
135 3337 218 3399 qnae
240 3317 324 3385 Deua
345 3314 407 3376 sibi
427 3326 571 3377 reservat.
602 3312 655 3377 Sin
675 3312 742 3376 fieri
762 3328 876 3399 potant,
898 3316 988 3405 qnod

66 3416 182 3483 brahae
211 3419 371 3482 nonultuna
406 3429 435 3478 at
470 3415 657 3499 peculiarem
691 3415 839 3499 impeturn
874 3418 987 3483 indidit

66 3542 132 3599 ena,
153 3544 195 3585 na
216 3533 363 3585 mactaret
382 3518 491 3585 filium
528 3518 580 3587 Sic
600 3518 783 3603 aimplioiter
803 3524 987 3609 reapondrri

66 3644 127 3690 tara
148 3625 282 3691 ridetur·
332 3656 335 3661 ·
