2182 4050
109 161 152 231 24
280 144 538 247 vigesimum
558 174 744 244 quartum
765 174 894 248 c‘aput

111 321 148 372 ιιι
174 329 233 387 not
261 309 421 395 quendam
449 310 535 374 a'oliti
564 330 671 375 eumue
701 314 822 377 nultum
853 325 896 379 et
911 310 1049 375 honoren

114 414 184 477 Deo
206 414 355 477 debitum
364 413 511 475 creaturi·
530 428 703 496 precatura
731 416 790 478 ted
801 426 953 501 prepter
968 394 1049 478 hden

25 552 38 575 ι
115 530 146 581 et
166 512 427 599 exepeotatiouem
449 514 544 577 hatum
565 516 702 579 ceminio.
770 528 775 535 ·

156 617 191 681 si
212 616 329 699 Papu'
319 629 408 678 ιιιιιιι
429 617 564 701 gloriam
585 618 745 695 haberet(
758 619 856 712 quod·
872 604 945 701 qul·
951 618 1050 681 occult·

116 710 203 783 retur
221 718 318 802 pedet
340 718 417 800 eim,
436 740 510 781 rem=
516 740 634 782 eacram
651 718 861 793 oscularetur,
873 718 1050 800 bonelleu,

118 843 235 905 quem
250 820 445 902 euparbiret3
481 834 512 883 et
541 820 648 885 timeu
677 824 793 887 meria
787 822 977 885 mendaciis
1006 826 1050 889 lac

17 942 20 947 ·
120 924 204 1009 apud
225 940 314 1006 reget
335 936 367 986 et
387 924 570 987 monarchae
592 924 776 987 obtinuit.

199 1026 357 1087 Abraham
392 1025 500 1088 hahuit
534 1025 780 1111 promiaeion'em
801 956 1049 1143 complectentem

121 1127 221 1192 lemur
241 1151 350 1204 auum,
371 1140 526 1211 tanquam
554 1128 707 1215 originem
734 1125 883 1201 aeminir3
912 1126 982 1193 ideo
1002 1132 1052 1217 prii

121 1256 155 1295 re
176 1254 264 1294 caera
284 1230 413 1307 habuit3·
439 1252 504 1292 non
531 1228 689 1294 tamenin
711 1238 816 1304 auam,
826 1228 904 1291 aed
925 1230 983 1294 Dei
999 1235 1053 1318 glo·

122 1336 200 1396 riam
222 1346 251 1397 et
272 1332 434 1395 honorem.
464 1332 553 1397 Sicut
573 1329 755 1447 justificatur
769 1341 824 1392 eet
842 1352 910 1393 non
931 1336 1053 1398 externi
1090 1399 1091 1404 ,

125 1438 228 1513 nibai,
248 1436 470 1521 sanguinibus,
499 1435 658 1498 volontate
675 1432 734 1495 riri
754 1445 808 1494 eut
828 1426 952 1509 carnia,
979 1438 1054 1501 aetlt

125 1539 203 1615 Deo,
224 1540 284 1615 hoc
304 1553 361 1615 eat,
381 1538 499 1601 ramice
519 1538 643 1613 futuro,
665 1534 751 1618 quod
771 1538 877 1596 tame'n
900 1558 938 1599 ex
956 1535 1055 1603 femore

127 1642 195 1723 ejus
216 1661 412 1724 egressurum
433 1653 518 1717 erat,
546 1654 639 1724 atque
658 1638 700 1699 ita
719 1636 753 1697 iu
774 1637 878 1701 media
899 1638 1057 1727 ignominia

126 1742 279 1827 gloriam,
313 1742 346 1805 io
373 1740 475 1809 mealia
503 1742 646 1807 libidine·
662 1762 817 1803 cummuni
843 1743 1013 1809 caetitatem
1033 1756 1057 1810 et

128 1843 310 1927 pudicitiam
329 1844 459 1908 iurauit.
558 1868 562 1875 ·
670 1864 673 1871 '
708 1850 713 1861 ’
767 1864 771 1873 “

133 2000 136 2007 .
204 1942 328 2005 Vereor
348 1959 467 2021 antem,
498 1967 537 2009 ue
557 1944 716 2030 aliquanto
742 1956 825 2029 poet·
843 1936 1006 2013 auhiecuta
1028 1952 1059 2015 tit

129 2045 289 2111 horribilia
310 2047 365 2109 illa
385 2049 548 2132 turpitudo
563 2047 789 2112 lemaeliumm
805 2042 1059 2137 ethnicorumque

130 2149 275 2217 Humana
301 2149 385 2212 enim
413 2163 525 2212 natura
551 2170 626 2213 non·
647 2161 753 2231 pateat
779 2172 907 2216 terrere
936 2156 1060 2231 modum}

130 2265 183 2315 eut
210 2251 313 2315 sobrie
343 2266 373 2315 et
402 2254 455 2335 pie
483 2252 637 2315 custodire
665 2274 723 2328 ear
749 2274 829 2338 quae
857 2278 877 2316 a
906 2257 1060 2339 majo-ritu

131 2353 243 2417 tradite
264 2368 334 2417 aunt
353 2367 438 2417 recte
457 2367 488 2416 et
509 2354 643 2416 elucere:
674 2357 778 2418 atatim
800 2359 850 2420 rel
871 2360 913 2421 ad
935 2361 1059 2439 dextram,
1088 2424 1090 2435 ,

133 2459 248 2547 relati
263 2453 579 2519 sinistram-deflectit
606 2458 671 2522 Ubi
692 2460 880 2523 audiverunt
900 2462 1058 2526 Midianitee
1081 2500 1085 2543 t

132 2562 208 2623 ictae
228 2554 654 2644 magnificae‘promiaaiouea,
676 2558 762 2645 qnod
782 2560 887 2625 femur
907 2564 970 2628 aire
988 2587 1057 2650 geue·

132 2662 214 2727 ratio
235 2660 376 2723 Abrahae
396 2660 429 2722 io
449 2672 533 2721 tanta
554 2676 632 2726 earet
652 2665 770 2748 gloria,
791 2687 865 2727 mox
886 2666 921 2726 in
941 2668 1056 2749 turpini

134 2785 223 2827 ιιιιιιι·
233 2762 409 2841 idolatriam
428 2762 570 2846 prolapsi
589 2780 681 2843 aunt,
708 2788 744 2829 ao
766 2782 831 2831 non
852 2768 957 2829 colum
976 2766 1056 2830 libidi
1083 2806 1088 2843 j

103 2862 106 2867 ’
134 2869 184 2929 uie
221 2865 411 2955 turpitpdine
442 2884 474 2925 ee
494 2864 700 2948 polluerunt,
734 2879 888 2952 tanquam
911 2870 1056 2956 'singulari

134 2970 290 3035 muctitate
312 2980 341 3029 et
362 2967 490 3049 justitia,
513 2969 568 3030 aad
590 2967 680 3029 etiam
696 2968 860 3053 singulare
874 2972 994 3033 idolum
1012 2992 1056 3033 ere·
1086 2970 1090 3041 l

133 3084 245 3135 xerunt
266 3081 295 3132 et
316 3068 668 3152 coluerunaPeiapum.
708 3070 762 3132 Sic
783 3076 868 3134 cuim
891 3074 991 3136 colent
1006 3073 1056 3135 ido

135 3177 245 3241 laune:
274 3178 392 3236 tantum
421 3176 688 3291 caeremoniarum
709 3195 805 3257 opera
835 3176 1002 3259 arripiunt,
1024 3197 1055 3237 re

135 3278 218 3347 licto
232 3276 326 3339 verbo
350 3288 379 3336 et
400 3277 563 3358 spiritu

217 3379 269 3441 Sic
290 3378 433 3467 neglecto
453 3378 521 3451 illo
543 3376 630 3460 quod
640 3376 799 3439 Abraham
820 3377 975 3460 peculiare
992 3398 1054 3438 mau-

49 3460 52 3465 .
136 3482 243 3545 datum
272 3480 377 3541 habuit
406 3482 443 3543 de
470 3480 664 3543 immolando
696 3479 781 3556 lilio,
813 3478 868 3540 alii
895 3499 1013 3562 quoque
1030 3478 1051 3538 iu

137 3583 321 3671 obsequium
353 3583 411 3646 Dei
441 3605 513 3647 ιιιοι
547 3581 629 3647 lilioa
664 3596 840 3649 mactarunt
870 3582 936 3644 eiua
961 3581 1012 3646 fide
1031 3592 1051 3643 et
