2182 4050
415 155 603 247 genesio„
915 160 976 227 935

99 308 232 392 Quanta
254 320 367 381 antem,
387 317 418 369 et
438 326 531 390 qaam
551 302 683 385 illnrtria
701 305 803 389 gloria
824 306 977 371 ettrlbra·
1038 320 1040 325 '

66 410 314 497 nqnod-to'tiea
335 430 406 472 oum
422 396 499 493 Deo·
517 410 673 470 sermones
694 406 838 471 confert?
870 409 977 473 Ootier

66 518 197 587 renimna
219 538 294 579 eum
307 532 353 576 'eo
375 513 564 597 collocutum
584 510 695 570 Deum.
713 508 850 573 Nostrae
869 512 978 598 legen·

66 622 129 685 ain
152 619 297 682 eooleaiia
317 615 457 701 gentiam
477 604 556 674 nihil
578 614 677 676 simile
693 613 815 688 habent,
837 626 868 675 et
887 636 977 697 prae·

66 722 249 809 rtem-haee
277 721 358 783 ratio
381 729 426 781 eat
446 717 584 779 omnium
612 714 791 791 hominum,
819 728 855 777 ut
875 717 976 805 magia

66 826 214 889 orirentur
236 843 342 905 opera,
363 843 456 905 quarn
478 838 651 882 termonem
672 816 742 889 Dei,
764 818 818 901 qui
840 831 886 880 eat
906 842 978 883 auo·

66 940 121 989 ret
142 925 276 987 effector
297 926 438 985 omnium
460 919 650 982 mirabilium
672 932 701 981 et
727 921 977 1005 difficillimorum

66 1051 167 1091 erum.
210 1028 256 1089 Et
275 1038 381 1087 tamen
403 1023 512 1087 oeuloa
532 1035 653 1084 tantum
674 1021 706 1081 in
728 1008 825 1105 opera
847 1020 978 1086 deflenti·

66 1150 98 1207 tr,
120 1150 236 1192 vocem
257 1140 360 1203 antem
382 1123 443 1187 Dei
468 1125 640 1209 cogitamus
662 1147 728 1187 ease
750 1149 858 1188 vooern
880 1128 979 1189 horni-

66 1256 102 1295 ιι.
147 1230 266 1312 Neque
294 1226 376 1291 enim
407 1226 511 1311 aliqua
540 1226 709 1289 differentIa
738 1243 868 1311 apparet
897 1230 979 1292 inter

66 1334 153 1397 rbum
176 1330 315 1395 hominia
343 1343 374 1393 et
393 1330 520 1391 verbnm
542 1330 604 1392 Dei
623 1330 780 1414 prolatum
801 1353 858 1416 per
879 1332 980 1395 homi-

66 1460 113 1513 nr;
143 1436 253 1497 eadem
275 1452 353 1507 vox,
381 1432 463 1496 idern
493 1454 590 1495 annua
618 1448 647 1496 et
675 1420 892 1519 pronuntiatio
921 1421 978 1512 eat'

66 1557 88 1599 a
110 1534 234 1609 divina,
261 1534 327 1597 aive
348 1532 482 1596 hnmana
502 1534 650 1617 proferas.
673 1534 745 1597 ldeo
766 1537 940 1603 recedimus
960 1561 980 1601 a

66 1641 185 1725 rjeatate
207 1638 315 1712 verbi,
344 1657 401 1698 neo
422 1657 564 1698 curamus
584 1637 664 1699 illud
685 1638 841 1699 Dominus
863 1630 980 1702 videbi-

88 1744 192 1821 ,aire
220 1738 448 1823 apparitionem
469 1738 547 1817 Dei3
575 1741 700 1827 neglin'
669 1761 786 1801 ‘’t-lmus
799 1739 979 1823 loquentem

66 1763 191 1909 lliiraum
214 1846 333 1920 Deum,
363 1854 392 1905 at
412 1844 535 1906 interim
563 1859 703 1907 monstra
730 1844 784 1905 illa
805 1828 980 1955 Car-tliaaiai

66 1970 142 2013 omn
159 1946 356 2063 anapioimpa.

113 2050 245 2136 lgitur'
235 2048 383 2133 inprimis
402 2047 531 2111 verbnm
551 2047 611 2110 Dei
633 2048 897 2112 considerandum
923 2056 979 2123 err3

66 2152 222 2237 :quamn
244 2155 351 2214 omnia
371 2154 518 2215 miracula
541 2154 611 2236 quia
628 2152 726 2225 laniat,
748 2151 826 2235 quin
847 2164 877 2213 et
897 2162 981 2213 'mora

66 2276 107 2317 roa
125 2255 263 2329 maritet,
292 2255 320 2317 ai
348 2256 433 2317 venit
458 2258 525 2317 aine
545 2258 657 2333 verbo,
684 2254 897 2339 repudiandus
923 2267 979 2317 eat:

66 2360 118 2423 lent
137 2380 243 2423 omnen
256 2358 401 2442 Apostoli
422 2371 454 2420 et
467 2358 644 2442 Prophetae
666 2360 831 2445 diligenter
852 2376 980 2420 monnet

66 2476 117 2539 rnt,
136 2477 165 2530 et
185 2461 303 2535 Moaea,
325 2460 416 2522 Dant.
440 2465 486 2529 13„
514 2470 557 2533 (v.
577 2466 607 2530 9.
633 2446 695 2531 ill)
717 2454 979 2544 Paendoproplre-⁸

66 2585 99 2625 nn
116 2578 144 2627 et
161 2562 304 2627 lictorem
327 2563 517 2625 somniorum
540 2564 740 2626 occidendum
762 2564 845 2625 dioit'.
867 2562 980 2644 „Oula

66 2668 153 2729 tautae
175 2680 234 2743 eat,
253 2666 375 2752 inquit,
400 2679 437 2729 ut
456 2680 607 2731 averteret
627 2688 682 2731 roa
708 2689 726 2729 a
747 2666 884 2729 Domino
907 2667 978 2729 Deo
1007 2680 1012 2689 '

66 2775 169 2830 moll·
962 2780 977 2815 q

107 2870 176 2933 Noa
209 2881 320 2931 nostro
346 2868 489 2951 periculo
511 2869 628 2932 moveri
656 2882 686 2933 et
713 2891 822 2953 rapere
850 2870 979 2933 debebo

66 2990 107 3048 tta,
129 2974 206 3057 qnia
229 2972 375 3036 Pontifex
395 2994 479 3033 auam
500 2974 693 3055 tyrannidem
715 2974 867 3058 ejusmodi
888 2974 980 3036 mirra

66 3074 106 3137 tlia
127 3075 250 3159 altaque
270 3077 365 3138 verbo
386 3076 540 3139 stabilivit.
576 3077 662 3142 Siout
682 3088 843 3164 nugantur
859 3076 901 3138 da
920 3075 980 3138 Pa·

66 3176 196 3253 tSixto‚
225 3199 299 3240 oum
327 3178 497 3261 aliqnando
523 3180 555 3241 in
575 3181 655 3242 mari
675 3166 904 3263 periclitaretur
920 3178 979 3239 'ima

66 3301 154 3343 rarae
176 3302 250 3343 euna
270 3268 359 3357 niori,
381 3294 411 3343 et
432 3282 559 3344 diriaaet
587 3281 623 3345 Si
644 3306 711 3345 anm
732 3280 865 3344 vicarius
887 3278 979 3343 Chri·

66 3433 77 3463 ,
98 3387 245 3469 quiescat
265 3407 349 3448 mare
363 3384 591 3470 procellosum
613 3385 707 3467 idque
719 3383 977 3447 anhitoereniaae.

106 3488 183 3549 Hoc
203 3488 358 3549 miraculo
377 3488 600 3571 probaverunt,
619 3488 737 3570 Papam
751 3487 978 3567 aaaariparium

66 3591 165 3673 rrirti:
200 3594 283 3654 aient
303 3592 408 3667 multia
428 3592 515 3671 aliia,
536 3591 722 3669 nitereris,
742 3591 978 3671 airriren'entitip
