2182 4050
365 142 383 164 ··
498 66 707 196 *genetiu-
788 107 837 145 ’“”
912 86 915 96 ¹
992 100 1076 181 ‘349

76 256 163 321 ³21
172 245 298 343 orarit,
317 279 398 344 quaa
418 272 563 344 nequatur
584 237 689 347 postea
710 261 743 323 in
763 259 856 323 laoob
875 259 954 337 titio,
974 261 1007 323 ur
1028 260 1076 325 lo·

76 363 211 445 'pla
238 375 367 447 nepote,
395 363 427 423 in
448 361 533 426 Eaan
553 358 710 450 apostata,
737 362 771 424 iu
792 363 875 425 Diua
894 363 1015 440 vitiata,
1040 364 1076 429 in

76 463 264 540 Rubro,
298 467 352 551 qui
379 466 535 529 adaoandit
563 468 678 530 laetum
705 462 808 527 laooh.
850 463 933 527 lllud
961 464 1076 550 ingena

76 569 452 653 tare-tentationum,
473 589 537 652 qno
558 569 688 653 jactatur
702 568 768 631 iatia
784 567 958 652 octuaginta
974 567 1076 646 annii,

76 669 256 733 nutem
276 691 346 732 enm
367 672 521 735 absorbet.
616 713 619 716 »
785 748 789 759 .

76 800 99 827 -ι
209 771 253 834 Hi
272 772 369 859 igitur
389 773 581 839 Patriarultaa
602 795 673 837 vera
693 772 791 836 sanati
811 787 901 851 aunt,
929 775 970 838 ad
1000 773 1077 859 quol

76 882 201 936 flam
222 875 420 940 collationem
443 877 595 940 nonnihil
609 897 738 961 protana
753 898 873 940 sumna:
897 879 1077 962 quinalium

76 982 241 1040 *uuae
260 978 429 1063 Episcopi,
455 980 610 1064 Martyres
631 991 660 1041 at
680 978 825 1062 Apostoli
853 1000 906 1043 eoa
932 981 1077 1046 admirati

76 1086 220 1154 ῑὶηι,
248 1091 278 1142 et
298 1081 534 1168 cogitaverunt:
561 1081 630 1144 Noa
646 1082 778 1166 quidem
797 1081 831 1142 iu
851 1084 954 1164 primo
975 1086 1076 1169 gradu

76 1188 250 1259 humus,
282 1196 312 1247 et
343 1185 442 1247 multu
468 1182 621 1268 patimur3
658 1182 713 1245 aad
748 1182 829 1245 nihil
863 1184 939 1249 haao
970 1188 1077 1250 omnia

76 1284 171 1349 ht
188 1286 375 1349 tentationes
403 1284 674 1351 Patriaroharnm:
709 1283 842 1368 ideoque
879 1307 933 1348 aoa
960 1288 1004 1350 ita
1024 1311 1077 1353 eo·

76 1372 275 1467 lterum,
309 1403 346 1453 ut
380 1391 608 1475 comparatione
629 1386 759 1450 illorum
787 1387 875 1470 ipaoa
905 1390 953 1450 aui
979 1392 1077 1474 pude-

76 1498 187 1557 *at
209 1493 357 1579 Martyria
378 1494 462 1558 enim
484 1516 557 1557 arur
578 1505 608 1554 et
628 1493 781 1553 arnoiatua
798 1492 892 1553 anina
913 1494 1075 1581 autdimi-

88 1596 201 1660 diae
218 1596 315 1660 borae
336 1609 396 1659 eat:
425 1596 471 1659 Ea
500 1596 541 1656 iat
559 1597 661 1658 eine'm
681 1594 813 1677 Martyri
832 1594 909 1655 umb
930 1595 985 1666 ein
998 1595 1077 1658 bitae

103 1698 236 1765 Stund
254 1722 293 1763 zu
313 1701 401 1762 thun.
423 1700 482 1764 Hio
501 1698 607 1761 nullut
626 1694 696 1759 finis
712 1709 758 1759 eat
773 1696 989 1772 tentationum,
1009 1717 1076 1761 mo-

108 1801 291 1865 ]aatiarum
310 1814 341 1865 at
355 1803 562 1866 calamitatum
574 1800 833 1886 quotidianarum.
856 1798 980 1883 Quanta
995 1801 1078 1863 enim

123 1904 257 1967 minaria
278 1919 324 1968 eat
343 1918 425 1967 totos
446 1906 607 1989 octoginta
626 1922 726 1965 auuoa
746 1919 870 1964 aummo
882 1922 953 1963 nom
965 1902 1076 1965 dolore

125 2006 293 2091 adapioara
312 2016 350 2069 at·
362 2007 428 2091 pati
448 2006 614 2070 domestioa
634 2002 727 2078 mala,
748 2014 778 2066 et
797 2024 833 2065 aa
853 2024 915 2065 non
927 2004 1077 2087 ¹vulgaria

126 2121 185 2172 aut
207 2112 280 2171 oum
301 2109 370 2171 aliia
394 2109 588 2183 eommunia,
614 2106 667 2169 aad
694 2103 845 2189 exquisita
871 2117 903 2167 at
931 2104 1078 2167 aummai'

128 2209 268 2296 Superat
295 2224 398 2273 autem
426 2234 551 2274 omnem
577 2206 787 2291 eloquentiam
812 2205 962 2289 patientia
981 2206 1077 2285 lanan,

76 2342 83 2367 ι·
133 2314 216 2378 aiont
235 2326 266 2377 et
285 2314 428 2378 Abrahae
450 2328 479 2377 et
499 2298 590 2376 laoob
610 2308 758 2394 patientia
777 2308 966 2386 minoratur,
991 2313 1078 2377 unda

129 2416 192 2480 hoa
214 2402 280 2479 trae
300 2415 394 2478 firiaee
415 2414 482 2478 Deo
510 2416 653 2501 inprimis
681 2414 810 2479 dilector
837 2412 909 2505 antia
936 2425 1076 2496 apparet.

128 2515 270 2603 Ideoque
289 2531 319 2580 at
340 2517 604 2594 patriarcharum,
625 2531 656 2581 et
675 2515 938 2580 aauutiaaimorum
950 2516 1076 2601 Marty-

76 2644 102 2683 ;
127 2640 206 2681 rum
226 2621 353 2685 nomine
374 2632 447 2684 aunt
466 2620 653 2706 digniaaimi,
681 2642 716 2687 ao
737 2619 849 2682 merito
868 2618 950 2679 inter
970 2639 1077 2689 omuaa

76 2746 81 2759 ·
129 2721 213 2783 aliea
244 2723 330 2807 quaai
345 2720 514 2785 trinitatem
535 2724 690 2808 quandam
718 2734 904 2794 sauctorum,
925 2721 953 2781 ai
971 2721 1078 2786 linerat

76 2852 98 2887 a
130 2823 176 2887 ita
199 2822 297 2906 loqui,
318 2823 549 2907 appellarimue.
583 2826 658 2888 Nou
679 2825 762 2887 anim
783 2821 1005 2906 magnitudine,
1026 2844 1077 2884 ne·

130 2946 196 3008 que
219 2925 434 3002 multitudine,
465 2949 565 3010 neque
586 2927 763 2989 assiduitate
784 2923 985 2986 tentationum
1005 2924 1078 2997 viati

91 3066 94 3089 ι
124 3041 229 3103 aunt,
258 3029 312 3090 aed
332 3027 452 3115 ingauti
472 3030 574 3091 animo
596 3028 634 3093 da
657 3027 802 3091 omuibus
829 3023 952 3088 fortiter
971 3026 1078 3090 trium-

76 3166 89 3195 -.
130 3131 288 3214 pharunt3
316 3144 346 3193 at
372 3133 467 3194 denua
488 3132 597 3193 barum
625 3130 824 3193 viatoriarum
850 3128 884 3189 in
910 3128 1077 3194 noviaaimo

76 3268 83 3303 ,-
132 3235 261 3298 damum
282 3233 334 3295 dia
354 3230 527 3294 videbimus
547 3246 578 3296 et
597 3232 837 3296 admirabimure
865 3250 949 3293 nuno
967 3242 1080 3293 utoun-.

134 3356 198 3419 qua
218 3335 355 3420 cogitare
376 3346 406 3395 at
425 3335 586 3420 adapioare
607 3334 690 3398 linat.
710 3332 828 3397 Coram
848 3332 982 3415 Papietia
1003 3350 1077 3399 varo

134 3456 267 3520 proraua
288 3449 361 3499 aunt
380 3435 567 3513 alraoondita‚
589 3437 632 3500 ob
650 3439 780 3501 nuionm
796 3436 875 3500 illud
889 3436 1078 3514 scandalum,

134 3538 223 3622 qnod
234 3535 356 3602 fuerunt
366 3541 479 3618 mariti,
495 3542 580 3625 quod
591 3540 765 3607 habuerunt
775 3561 896 3620 uxorea,
908 3538 993 3603 filio·
1009 3554 1079 3618 ato,
