2182 4050
425 168 434 249 J
462 162 632 273 generis.
664 124 669 133 -
778 174 781 183 '
946 174 1008 246 247

80 319 279 385 iterationem
299 341 320 383 a
338 333 466 405 peaoato
486 337 518 387 et
536 321 670 399 inferno,
690 333 752 386 trm
766 335 943 389 mnatsntsr
961 346 1007 389 ss·

80 442 205 484 rorans
233 422 371 507 singulis
396 423 504 487 nobis:
533 425 583 488 Tu
609 424 703 487 honio
723 438 806 490 serto
826 427 930 505 rivet,
955 442 1008 492 ant

80 546 115 613 go
137 514 297 610 ipts'non
314 527 425 590 rivam.
447 524 588 591 infernus
603 525 661 589 tibi
682 525 819 590 devictus
839 527 1007 592 etsxstino·

79 648 105 690 ιι
134 642 205 705 ast,
235 640 289 690 ant
315 649 377 716 ago
405 631 476 717 ipse'
499 633 692 717 exstinguor,
717 639 748 693 et
774 628 913 690 desinam
939 650 1006 694 essa

79 736 163 794 tana:
183 731 252 794 imo
272 744 308 794 ut
327 755 366 796 ne
382 735 514 814 dubites,
534 735 627 800 hebes
640 750 767 821 qnoque
776 729 893 795 Filium
903 753 1006 796 meam

79 835 116 900 bi
137 837 226 900 dono
248 836 361 900 (istum.
1079 850 1082 855 ·

99 924 102 931 ’
138 938 236 1003 Hisne
272 938 471 1025 amplissimis
502 938 767 1026 promissionibus
801 941 946 1018 eredere,
975 952 1007 1004 et

78 1053 143 1106 sets
162 1038 278 1105 fidutia
298 1041 374 1106 baeo
393 1043 481 1107 bona
500 1065 519 1107 a
539 1042 608 1106 Deo
629 1058 818 1127 exspertem,
839 1066 911 1108 vera
930 1040 1022 1107 fides*

78 1157 125 1209 ets
147 1156 178 1208 et
200 1147 238 1210 ad
261 1146 339 1208 bano
358 1142 501 1210 fidaoiain
522 1146 647 1210 excitari
662 1147 782 1210 animos
798 1159 920 1211 nmtros
940 1147 1008 1209 vult

78 1269 126 1312 ton
153 1249 258 1313 solum
277 1248 425 1332 exemplis
446 1249 596 1314 Abrabae
625 1249 825 1328 stelionum,
853 1270 910 1313 neo
934 1272 1008 1335 pro-

77 1350 161 1415 sissis
180 1362 314 1427 tantum,
335 1350 389 1414 sed
408 1363 440 1413 et
459 1350 546 1415 Filio
568 1352 699 1437 proprio
721 1373 780 1436 pro
801 1351 894 1415 nobis
913 1352 1007 1416 tradi-

77 1474 113 1533 o,
130 1466 168 1517 nt
188 1466 271 1516 meet
290 1452 411 1517 donam
431 1465 462 1517 et
480 1454 598 1542 pignus
620 1454 799 1518 coelestium
819 1454 985 1517 bonorum.

139 1556 191 1621 Ad
211 1557 292 1620 hano
313 1556 488 1622 doctrinam
515 1559 543 1625 si
563 1556 753 1622 conterimus
773 1555 956 1620 ludaeorum
976 1568 1007 1621 et

77 1658 259 1746 Ptpistarnm
279 1659 480 1734 traditiones,
511 1659 680 1724 horribiles
700 1660 844 1724 tenebras
863 1661 895 1722 in
916 1661 1007 1724 atris-

76 1784 122 1851 ιιι
140 1761 425 1828 animadvertimus.
466 1759 556 1824 Nihil
581 1762 662 1825 enim
681 1783 811 1844 prorsus
832 1763 872 1828 de
891 1763 941 1827 bis
960 1784 1006 1827 re-

76 1864 120 1929 Ιιιι
143 1867 269 1929 donent.
309 1862 400 1949 Quid
426 1861 526 1926 tides?
555 1863 704 1947 inquiunt
730 1863 889 1949 Papistast
923 1865 1007 1929 bona

76 1984 153 2051 opera
174 1963 419 2035 nuntiationis
451 1967 563 2030 Miseri
582 1966 631 2034 illi
651 1979 681 2034 st
700 1979 832 2031 amentes
853 1965 925 2031 fidei
945 1969 1007 2031 vim

76 2080 251 2132 tastonam
271 2068 428 2154 ignorent
453 2067 614 2152 Quantum
625 2088 762 2162 papyrus
782 2069 839 2135 ista
858 2071 1008 2159 intelligit

75 2170 201 2237 tshisoe
229 2170 369 2256 quinque
399 2167 500 2239 literis
532 2167 630 2245 fides,
656 2181 778 2233 tanturn
803 2172 868 2257 ipsi
892 2171 1010 2236 intellis

75 2287 144 2361 font.
168 2275 314 2361 Papyrns
334 2273 509 2360 legentium
530 2271 631 2337 naulis
652 2271 763 2354 objioit
783 2276 920 2361 quinque
940 2278 1008 2341 lite·

75 2400 122 2443 ιιι
143 2380 194 2443 sio
215 2376 267 2441 itti
288 2375 423 2459 amplius
444 2374 522 2437 nibil
542 2362 584 2440 ‹ts
600 2374 662 2443 fids
681 2389 808 2450 norunt
824 2376 1008 2444 Existimant

75 2502 119 2544 ssa
140 2480 280 2545 otiosam
299 2476 532 2563 cogitationem,
552 2490 605 2541 sut
623 2477 766 2542 notitiem
781 2488 911 2559 tintinna,
933 2506 1007 2568 qna·

75 2582 150 2647 sin
172 2578 378 2649 daemonibus
397 2592 452 2643 est.
492 2580 660 2657 Nesoinnt,
681 2580 775 2645 tidem
795 2602 860 2647 aste
880 2585 1006 2649 eredere

74 2699 82 2749 t
102 2683 254 2748 assentiri
274 2681 342 2748 Deo
363 2682 559 2779 promittenti
580 2696 610 2747 et
630 2683 755 2768 juranti.
777 2683 922 2749 Sentinnt
941 2690 1007 2773 qni·

74 2807 147 2862 em,
170 2784 277 2848 Deum
297 2782 384 2862 e'sse,
412 2784 493 2848 siout
513 2799 543 2851 et
563 2786 746 2864 doemonem
774 2786 829 2850 sed
854 2787 887 2851 id
915 2789 1007 2871 nobis

74 2908 122 2950 ‚on
146 2886 272 2964 obstitit,
290 2887 354 2952 imo
376 2887 457 2952 nihil
478 2889 520 2952 ad
540 2909 608 2967 nos,
630 2889 705 2975 quia
725 2903 771 2954 est
790 2902 872 2952 extra
891 2910 960 2953 nos.

136 2989 225 3054 Vera
259 3002 361 3059 autam
393 2988 471 3054 {ides
499 2990 545 3057 sia
574 2990 696 3055 statuit:
735 2989 822 3055 Dent
858 3000 904 3051 est
931 2988 1007 3053 mibi

73 3088 155 3167 iens,
177 3091 252 3175 qnia
272 3093 353 3157 mihi
370 3088 521 3179 loquitur,
542 3091 618 3155 mihi
637 3091 768 3158 remittit
787 3104 923 3175 ponente,
942 3113 1007 3156 non

73 3195 203 3259 nacitur
237 3195 328 3257 mibi:
356 3198 434 3266 siout
461 3195 632 3281 promittit:
661 3194 734 3282 Ego
764 3213 831 3263 sam
852 3190 1006 3265 Dominus

72 3294 146 3360 iens
173 3308 257 3359 tons.
300 3296 348 3360 lbi
374 3298 503 3382 explora
528 3284 667 3365 animum
685 3312 792 3371 mum,
822 3315 862 3358 an
890 3296 1009 3375 medas,

72 3399 162 3464 ianm
185 3419 253 3463 esse
271 3410 360 3462 tunm
382 3401 501 3477 Deum,
521 3414 652 3485 patrem,
672 3399 854 3463 salvotorem
882 3412 912 3463 et
932 3397 1007 3463 libs
1086 3462 1089 3471 ,

72 3514 216 3578 ποι-ιιι,
244 3500 298 3584 qtii
316 3503 403 3567 setis
429 3517 461 3567 te
481 3525 517 3567 ex
536 3504 668 3588 peoostis
696 3515 728 3567 et
746 3500 1003 3585 morteeripe'ie3

72 3618 92 3668 tt
111 3607 138 3670 si
158 3604 265 3683 sentis,
285 3619 317 3669 ta
337 3606 480 3671 vaatlara
499 3619 552 3679 tot
561 3605 720 3685 haesitare,
741 3602 855 3694 cogita
874 3598 1006 3692 quomo·
