2182 4050
365 215 369 225 .
419 153 609 255 genesis-s
677 150 682 173 ⁸
751 184 755 193 ’
802 176 844 231 “.
931 174 992 242 959

123 312 197 375 Νοιι
219 313 317 397 igitur
337 313 500 395 ,poeniteat
525 328 556 378 ta
577 286 760 393 conlitionis
781 319 868 398 luae,
897 340 991 407 quam

34 415 193 478 divinitus
214 416 273 478 tibi
300 414 480 477 attributam
510 417 608 492 nosti,
636 425 834 501 quantamvis
855 441 992 492 contem.

31 516 139 580 tibilis
161 533 194 607 et
212 512 330 599 abjecta
352 520 400 582 sit.
443 518 505 582 Sed
533 514 673 606 gloriaie
697 521 733 583 in
754 525 822 592 Deo
851 543 990 608 vocante,

32 620 244 705 gubernante,
265 634 294 682 et
316 622 408 685 serbo
430 621 521 683 etiam
541 637 708 704 praesente.
730 669 750 701 ‚‚
759 623 792 688 Si
811 628 893 690 enim
904 628 990 695 Deus

10 727 101 808 *pro
124 725 224 798 nobis,
247 724 316 806 quis
337 719 446 785 contra
467 724 581 784 nos“.⁰
602 722 695 787 Rom.
716 728 746 793 8.
770 740 812 802 (a.
833 734 911 807 31.),
954 733 990 799 si
1058 746 1063 757 ··

32 816 189 892 inciderit
215 824 322 911 aliqua
351 826 501 889 acerbitas
529 835 581 886 aut
610 823 788 906 difficultas,
801 822 936 898 affunde
956 848 990 899 tn

36 928 213 993 Falernum
230 943 260 991 et
274 929 358 992 dilue
373 927 572 990 acerbitatem
587 928 685 1005 illam,
705 925 845 1013 ridelicet
859 937 989 1002 verbum

38 1010 114 1107 Dei,
135 1045 169 1094 ut
191 1044 309 1095 crescat
330 1044 361 1094 et
375 1029 578 1122 confirmetur
598 1031 684 1109 fides,
706 1047 736 1096 et
751 1028 853 1119 possis
869 1038 988 1103 dicere.

36 1132 155 1198 Certus
182 1156 251 1196 sum
284 1131 322 1196 de
351 1117 428 1197 ritae
455 1150 571 1218 genere
600 1135 655 1217 pio
678 1143 708 1199 at
728 1133 946 1217 Christiano,
953 1144 998 1206 in·

21 1248 108 1322 ‘qno
128 1258 251 1312 versor3
281 1249 312 1298 et
332 1236 364 1299 in
385 1259 423 1299 eo
445 1236 665 1319 perseverabo,
686 1252 721 1301 nt
740 1238 843 1303 Deum
864 1244 989 1307 laudeni

39 1353 73 1403 et
92 1337 277 1428 medicem,
299 1351 330 1400 et
349 1334 426 1405 alios
447 1343 583 1405 docem.

119 1439 274 1504 Videmus
294 1453 415 1517 autem,
446 1444 496 1508 hic
524 1443 623 1528 repeti
648 1458 679 1508 at
698 1436 733 1506 in
760 1458 859 1511 annm
880 1432 989 1530 colligi

35 1540 105 1607 fera
125 1552 234 1606 omnes
254 1534 491 1626 promissiones,
513 1568 590 1630 quas
612 1541 988 1610 ‹lederetDeuaAbrahae

35 1647 75 1713 in
96 1650 188 1711 variis
208 1646 295 1711 locis.
338 1646 413 1709 Illae
435 1660 542 1709 omnes
562 1648 613 1710 hio
638 1649 822 1732 rediguntur
841 1649 874 1709 in
894 1667 989 1711 unam

37 1767 203 1813 summam·
230 1740 359 1833 Saepius
380 1750 464 1811 enim
485 1749 570 1812 Dent
589 1751 712 1812 locatus
733 1759 779 1811 est
799 1773 870 1812 oum
891 1749 989 1810 Abra·
1048 1758 1051 1770 '

37 1847 356 1928 bamosoum'lsaac
378 1852 427 1912 via
447 1852 570 1915 bisant
589 1864 654 1926 ter'3
683 1853 779 1936 idque
801 1851 892 1914 etiam
914 1850 989 1913 antis

36 1965 103 2029 est,
135 1952 221 2038 qnia·
237 1944 400 2021 confirmat
427 1946 477 2015 bic
505 1955 538 2016 in
567 1949 699 2038 qondam
727 1975 846 2016 summa
879 1975 988 2017 omnes

10 2077 12 2111 t
37 2050 281 2139 promissiones,
309 2077 348 2118 ne
370 2056 581 2118 sanctissimus
603 2052 781 2117 Patriarohs
803 2055 988 2118 sollicitante

10 2181 12 2213 :
34 2153 178 2222 Diabolo
198 2159 348 2242 inciperet
369 2156 507 2222 dubitare
529 2150 647 2220 dallei
669 2150 837 2221 voluntate.
875 2158 987 2243 Neque

10 2310 12 2318 .
35 2263 120 2323 enirn
142 2276 238 2341 cessat
259 2258 388 2345 fatigare
408 2255 501 2324 etiam
521 2253 730 2323 sanctissimos
756 2268 787 2323 et
806 2242 988 2344 perfectississ

35 2384 110 2426 mos
130 2360 235 2447 ignitis
256 2367 320 2425 suis
341 2376 371 2425 et
391 2362 547 2424 venenatis
567 2358 647 2425 telis

119 2466 219 2529 Porro
241 2466 410 2549 promissio
441 2465 499 2526 ista
520 2463 596 2525 alnas
625 2474 731 2545 partes
751 2458 853 2528 babet.
897 2456 989 2530 Prior

32 2579 85 2630 est
105 2569 287 2653 temporalis
308 2568 345 2631 de
367 2567 562 2648 possessione¹
583 2564 712 2627 istarum
733 2579 890 2631 terrarum.
920 2560 987 2635 Ero

30 2680 155 2743 tecam,
177 2671 295 2753 inquit:
317 2668 383 2730 noli
398 2668 525 2743 timere3
542 2667 672 2750 pelleris
686 2669 718 2729 in
731 2670 935 2746 exsilium‚‘et
945 2670 988 2734 la-

23 2768 170 2833 barthi·
180 2770 276 2846 ssme3
293 2773 349 2835 sed
360 2770 438 2832 nibil
449 2766 658 2855 critpericuli.
678 2770 751 2832 Non
765 2773 886 2855 peribis
897 2772 988 2852 fame,
1056 2760 1059 2767 ¹

29 2895 142 2958 ncqae
160 2867 304 2939 inimicos
324 2875 450 2940 nocebit
471 2870 527 2939 tibi
549 2877 579 2935 in
601 2887 681 2936 terra
703 2874 810 2936 aliena.
842 2866 895 2938 Sic
917 2898 988 2939 con·

25 2971 161 3063 ‚sotatur
180 2998 251 3039 eum
264 2977 349 3043 Dans
368 2978 401 3040 in
422 2973 605 3062 gravissima
627 2978 795 3039 tentatione
818 2974 858 3037 ad
879 2972 990 3036 confir·

31 3079 178 3142 mandas
195 3080 315 3143 animos
331 3082 447 3156 uxoris,
466 3081 639 3143 liberorum
660 3090 690 3144 et
704 3078 851 3152 familiae,
873 3075 988 3157 quibus
1012 3122 1014 3131 ,

31 3180 125 3243 hanc
143 3183 388 3247 consolationem
409 3183 578 3266 proposuit
597 3183 697 3244 Isaac.
726 3181 882 3243 Dominus
903 3179 997 3242 Deue'

27 3299 171 3379 mcottrn
184 3299 239 3360 est,
261 3299 291 3347 st
312 3286 458 3369 promisit
477 3277 692 3346 liberationem
713 3299 749 3365 ex
763 3280 906 3344 omnihus
928 3296 1005 3344 rna-¹

34 3388 98 3464 lis3
120 3387 191 3448 ideo
213 3387 334 3451 habeba
356 3410 475 3472 pacem
497 3384 720 3461 defensionem,
740 3408 853 3469 panem
874 3387 907 3457 in
928 3380 990 3449 rne-¹

36 3489 126 3553 dio'
116 3486 315 3553 inimicorum
338 3504 367 3555 at
389 3490 485 3554 famis.
513 3490 597 3569 Hpic
616 3485 696 3552 eninr
718 3487 919 3572 promissioni
939 3487 988 3548 fir·

35 3593 133 3656 miter
153 3592 223 3675 ipse
243 3612 382 3659 assensus
404 3604 460 3669 est,
482 3584 601 3655 etiamsi
624 3589 716 3655 fucrit
736 3599 826 3655 nnten
842 3586 989 3679 sollicita·
1031 3677 1035 3687 ¹

595 3691 631 3761 n
653 3687 681 3731 ι’
