<?xml version="1.0" encoding="UTF-8"?>
<!DOCTYPE html PUBLIC "-//W3C//DTD XHTML 1.0 Transitional//EN"
    "http://www.w3.org/TR/xhtml1/DTD/xhtml1-transitional.dtd">
<html xmlns="http://www.w3.org/1999/xhtml" xml:lang="en" lang="en">
 <head>
  <title>
</title>
<meta http-equiv="Content-Type" content="text/html;charset=utf-8" />
  <meta name='ocr-system' content='tesseract 3.04.00' />
  <meta name='ocr-capabilities' content='ocr_page ocr_carea ocr_par ocr_line ocrx_word'/>
</head>
<body>
  <div class='ocr_page' id='page_1' title='image "./exegeticaoperal03luthgoog_0490.png"; bbox 0 0 2182 4050; ppageno 0'>
   <div class='ocr_carea' id='block_1_1' title="bbox 212 76 285 125">
    <p class='ocr_par' dir='ltr' id='par_1_1' title="bbox 212 76 285 125">
     <span class='ocr_line' id='line_1_1' title="bbox 212 76 285 125; baseline 0 -40"><span class='ocrx_word' id='word_1_1' title='bbox 212 89 229 125; x_wconf 29' lang='grc' dir='ltr'><strong><em>κ</em></strong></span> <span class='ocrx_word' id='word_1_2' title='bbox 280 76 285 85; x_wconf 93' lang='grc'>.</span> 
     </span>
    </p>
   </div>
   <div class='ocr_carea' id='block_1_2' title="bbox 363 168 1002 275">
    <p class='ocr_par' dir='ltr' id='par_1_2' title="bbox 363 160 1002 275">
     <span class='ocr_line' id='line_1_2' title="bbox 363 168 1002 275; baseline 0.003 -34"><span class='ocrx_word' id='word_1_3' title='bbox 363 236 366 241; x_wconf 93' lang='grc'>.</span> <span class='ocrx_word' id='word_1_4' title='bbox 429 173 609 275; x_wconf 68' lang='lat' dir='ltr'><strong>genetiu-</strong></span> <span class='ocrx_word' id='word_1_5' title='bbox 671 168 676 185; x_wconf 57' lang='lat'>⁸</span> <span class='ocrx_word' id='word_1_6' title='bbox 938 178 1002 263; x_wconf 55' lang='lat'><strong>467</strong></span> 
     </span>
    </p>
   </div>
   <div class='ocr_carea' id='block_1_3' title="bbox 10 290 1039 3692">
    <p class='ocr_par' dir='ltr' id='par_1_3' title="bbox 10 290 1039 1926">
     <span class='ocr_line' id='line_1_3' title="bbox 14 290 1005 413; baseline 0.003 -27"><span class='ocrx_word' id='word_1_7' title='bbox 14 297 22 413; x_wconf 66' lang='grc' dir='ltr'>ῗ</span> <span class='ocrx_word' id='word_1_8' title='bbox 136 321 340 403; x_wconf 50' lang='lat' dir='ltr'><strong>stentem</strong></span> <span class='ocrx_word' id='word_1_9' title='bbox 367 321 496 385; x_wconf 71' lang='lat' dir='ltr'><strong>motam</strong></span> <span class='ocrx_word' id='word_1_10' title='bbox 523 290 666 408; x_wconf 58' lang='lat' dir='ltr'><strong>,tairago</strong></span> <span class='ocrx_word' id='word_1_11' title='bbox 687 321 826 385; x_wconf 69' lang='lat' dir='ltr'><strong>nenne</strong></span> <span class='ocrx_word' id='word_1_12' title='bbox 845 323 886 387; x_wconf 74' lang='lat' dir='ltr'><strong>aa</strong></span> <span class='ocrx_word' id='word_1_13' title='bbox 905 323 1005 389; x_wconf 63' lang='lat' dir='ltr'><strong>tane</strong></span> 
     </span>
     <span class='ocr_line' id='line_1_4' title="bbox 10 416 1039 516; baseline 0.004 -27"><span class='ocrx_word' id='word_1_14' title='bbox 10 416 19 516; x_wconf 28' lang='grc' dir='ltr'>ᾗ</span> <span class='ocrx_word' id='word_1_15' title='bbox 54 439 119 490; x_wconf 86' lang='lat' dir='ltr'><strong>tnm</strong></span> <span class='ocrx_word' id='word_1_16' title='bbox 141 440 172 489; x_wconf 89' lang='lat' dir='ltr'><strong>et</strong></span> <span class='ocrx_word' id='word_1_17' title='bbox 192 436 439 510; x_wconf 83' lang='lat' dir='ltr'><strong>perseverantem</strong></span> <span class='ocrx_word' id='word_1_18' title='bbox 459 428 655 505; x_wconf 66' lang='lat' dir='ltr'><strong>emtionem,</strong></span> <span class='ocrx_word' id='word_1_19' title='bbox 680 436 713 491; x_wconf 75' lang='lat' dir='ltr'><strong>tt</strong></span> <span class='ocrx_word' id='word_1_20' title='bbox 738 426 827 489; x_wconf 83' lang='lat' dir='ltr'><strong>anxie</strong></span> <span class='ocrx_word' id='word_1_21' title='bbox 846 438 1004 493; x_wconf 64' lang='lat' dir='ltr'><strong>nostwet</strong></span> <span class='ocrx_word' id='word_1_22' title='bbox 1036 510 1039 515; x_wconf 25' lang='grc' dir='ltr'><strong><em>Ι</em></strong></span> 
     </span>
     <span class='ocr_line' id='line_1_5' title="bbox 10 516 1004 613; baseline -0.002 -19"><span class='ocrx_word' id='word_1_23' title='bbox 10 517 20 599; x_wconf 62' lang='lat' dir='ltr'><strong>&#39;f</strong></span> <span class='ocrx_word' id='word_1_24' title='bbox 55 532 123 594; x_wconf 84' lang='lat' dir='ltr'><strong>dies</strong></span> <span class='ocrx_word' id='word_1_25' title='bbox 145 527 320 611; x_wconf 73' lang='lat' dir='ltr'><strong>suspiravit.</strong></span> <span class='ocrx_word' id='word_1_26' title='bbox 356 526 439 591; x_wconf 86' lang='lat' dir='ltr'><strong>lsaao</strong></span> <span class='ocrx_word' id='word_1_27' title='bbox 458 542 586 613; x_wconf 80' lang='lat' dir='ltr'><strong>qnoque</strong></span> <span class='ocrx_word' id='word_1_28' title='bbox 606 549 667 612; x_wconf 88' lang='lat' dir='ltr'><strong>pro</strong></span> <span class='ocrx_word' id='word_1_29' title='bbox 688 549 724 591; x_wconf 86' lang='lat' dir='ltr'><strong>en</strong></span> <span class='ocrx_word' id='word_1_30' title='bbox 737 516 924 611; x_wconf 76' lang='lat' dir='ltr'><strong>depreeatur</strong></span> <span class='ocrx_word' id='word_1_31' title='bbox 945 542 1004 607; x_wconf 88' lang='lat' dir='ltr'><strong>ost,</strong></span> 
     </span>
     <span class='ocr_line' id='line_1_6' title="bbox 10 614 1003 716; baseline -0.004 -19"><span class='ocrx_word' id='word_1_32' title='bbox 10 614 16 651; x_wconf 40' lang='grc' dir='ltr'><em>ἶ</em></span> <span class='ocrx_word' id='word_1_33' title='bbox 53 649 86 698; x_wconf 91' lang='lat' dir='ltr'><strong>et</strong></span> <span class='ocrx_word' id='word_1_34' title='bbox 107 636 175 696; x_wconf 88' lang='lat' dir='ltr'><strong>Deo</strong></span> <span class='ocrx_word' id='word_1_35' title='bbox 205 630 284 694; x_wconf 87' lang='lat' dir='ltr'><strong>nihil</strong></span> <span class='ocrx_word' id='word_1_36' title='bbox 312 628 397 690; x_wconf 82' lang='lat' dir='ltr'><strong>alind</strong></span> <span class='ocrx_word' id='word_1_37' title='bbox 428 632 596 714; x_wconf 83' lang='lat' dir='ltr'><strong>proposuit</strong></span> <span class='ocrx_word' id='word_1_38' title='bbox 605 658 620 707; x_wconf 93' lang='lat'><strong>,·</strong></span> <span class='ocrx_word' id='word_1_39' title='bbox 642 652 737 716; x_wconf 81' lang='lat' dir='ltr'><strong>qnam</strong></span> <span class='ocrx_word' id='word_1_40' title='bbox 764 614 889 693; x_wconf 85' lang='lat' dir='ltr'><strong>unioam</strong></span> <span class='ocrx_word' id='word_1_41' title='bbox 914 631 1003 695; x_wconf 86' lang='lat' dir='ltr'><strong>illam</strong></span> 
     </span>
     <span class='ocr_line' id='line_1_7' title="bbox 52 730 1030 819; baseline -0.002 -20"><span class='ocrx_word' id='word_1_42' title='bbox 52 736 285 808; x_wconf 81' lang='lat' dir='ltr'><strong>nenessitatem,</strong></span> <span class='ocrx_word' id='word_1_43' title='bbox 322 730 468 815; x_wconf 75' lang='lat' dir='ltr'><strong>videlieet</strong></span> <span class='ocrx_word' id='word_1_44' title='bbox 497 735 686 799; x_wconf 80' lang='lat' dir='ltr'><strong>tterilitttem</strong></span> <span class='ocrx_word' id='word_1_45' title='bbox 714 733 876 819; x_wconf 83' lang='lat' dir='ltr'><strong>nonjngia:</strong></span> <span class='ocrx_word' id='word_1_46' title='bbox 918 734 1030 797; x_wconf 43' lang='lat' dir='ltr'><strong>ands*</strong></span> 
     </span>
     <span class='ocr_line' id='line_1_8' title="bbox 54 828 1003 920; baseline -0.005 -16"><span class='ocrx_word' id='word_1_47' title='bbox 54 842 227 914; x_wconf 87' lang='lat' dir='ltr'><strong>disosmua,</strong></span> <span class='ocrx_word' id='word_1_48' title='bbox 248 836 317 899; x_wconf 86' lang='lat' dir='ltr'><strong>Deo</strong></span> <span class='ocrx_word' id='word_1_49' title='bbox 347 855 456 897; x_wconf 80' lang='lat' dir='ltr'><strong>omnes</strong></span> <span class='ocrx_word' id='word_1_50' title='bbox 482 837 674 901; x_wconf 81' lang='lat' dir='ltr'><strong>nenessitatet</strong></span> <span class='ocrx_word' id='word_1_51' title='bbox 702 835 795 898; x_wconf 88' lang='lat' dir='ltr'><strong>etiam</strong></span> <span class='ocrx_word' id='word_1_52' title='bbox 822 828 1003 920; x_wconf 80' lang='lat' dir='ltr'><strong>ootpnralea</strong></span> 
     </span>
     <span class='ocr_line' id='line_1_9' title="bbox 53 937 1004 1026; baseline -0.003 -21"><span class='ocrx_word' id='word_1_53' title='bbox 53 941 277 1026; x_wconf 81' lang='lat' dir='ltr'><strong>proponendae</strong></span> <span class='ocrx_word' id='word_1_54' title='bbox 297 960 373 1018; x_wconf 80' lang='lat' dir='ltr'><strong>sete,</strong></span> <span class='ocrx_word' id='word_1_55' title='bbox 393 952 463 1003; x_wconf 81' lang='lat' dir='ltr'><strong>ente</strong></span> <span class='ocrx_word' id='word_1_56' title='bbox 483 938 587 1001; x_wconf 83' lang='lat' dir='ltr'><strong>omnin</strong></span> <span class='ocrx_word' id='word_1_57' title='bbox 604 938 899 1020; x_wconf 80' lang='lat' dir='ltr'><strong>antemtpiritnalet.</strong></span> <span class='ocrx_word' id='word_1_58' title='bbox 919 937 1004 1003; x_wconf 81' lang='lat' dir='ltr'><strong>traso</strong></span> 
     </span>
     <span class='ocr_line' id='line_1_10' title="bbox 53 1028 1039 1123; baseline -0.004 -17"><span class='ocrx_word' id='word_1_59' title='bbox 53 1047 99 1106; x_wconf 88' lang='lat' dir='ltr'><strong>its</strong></span> <span class='ocrx_word' id='word_1_60' title='bbox 120 1044 233 1106; x_wconf 75' lang='lat' dir='ltr'><strong>oraritz</strong></span> <span class='ocrx_word' id='word_1_61' title='bbox 256 1041 291 1105; x_wconf 84' lang='lat' dir='ltr'><strong>si</strong></span> <span class='ocrx_word' id='word_1_62' title='bbox 312 1054 358 1104; x_wconf 87' lang='lat' dir='ltr'><strong>est</strong></span> <span class='ocrx_word' id='word_1_63' title='bbox 377 1043 517 1106; x_wconf 81' lang='lat' dir='ltr'><strong>nominis</strong></span> <span class='ocrx_word' id='word_1_64' title='bbox 535 1043 582 1106; x_wconf 89' lang='lat' dir='ltr'><strong>tui</strong></span> <span class='ocrx_word' id='word_1_65' title='bbox 602 1040 812 1123; x_wconf 72' lang='lat' dir='ltr'><strong>sanctificatio,</strong></span> <span class='ocrx_word' id='word_1_66' title='bbox 832 1040 861 1104; x_wconf 90' lang='lat' dir='ltr'><strong>si</strong></span> <span class='ocrx_word' id='word_1_67' title='bbox 876 1038 916 1103; x_wconf 83' lang='lat' dir='ltr'><strong>ad</strong></span> <span class='ocrx_word' id='word_1_68' title='bbox 932 1061 1004 1103; x_wconf 89' lang='lat' dir='ltr'><strong>oon·</strong></span> <span class='ocrx_word' id='word_1_69' title='bbox 1035 1028 1039 1038; x_wconf 45' lang='lat'>¹</span> 
     </span>
     <span class='ocr_line' id='line_1_11' title="bbox 55 1144 1008 1231; baseline -0.002 -22"><span class='ocrx_word' id='word_1_70' title='bbox 55 1148 263 1209; x_wconf 78' lang='lat' dir='ltr'><strong>servationem</strong></span> <span class='ocrx_word' id='word_1_71' title='bbox 284 1145 372 1230; x_wconf 81' lang='lat' dir='ltr'><strong>regni</strong></span> <span class='ocrx_word' id='word_1_72' title='bbox 393 1146 437 1209; x_wconf 87' lang='lat' dir='ltr'><strong>tui</strong></span> <span class='ocrx_word' id='word_1_73' title='bbox 456 1147 611 1231; x_wconf 77' lang='lat' dir='ltr'><strong>pertinet,</strong></span> <span class='ocrx_word' id='word_1_74' title='bbox 632 1147 672 1209; x_wconf 82' lang='lat' dir='ltr'><strong>tle</strong></span> <span class='ocrx_word' id='word_1_75' title='bbox 691 1144 851 1207; x_wconf 80' lang='lat' dir='ltr'><strong>Rebenonn</strong></span> <span class='ocrx_word' id='word_1_76' title='bbox 869 1144 1008 1228; x_wconf 68' lang='lat' dir='ltr'><strong>prolem·</strong></span> 
     </span>
     <span class='ocr_line' id='line_1_12' title="bbox 54 1246 1012 1332; baseline -0.004 -19"><span class='ocrx_word' id='word_1_77' title='bbox 54 1250 125 1314; x_wconf 91' lang='lat' dir='ltr'><strong>Ubi</strong></span> <span class='ocrx_word' id='word_1_78' title='bbox 146 1251 233 1311; x_wconf 85' lang='lat' dir='ltr'><strong>deest</strong></span> <span class='ocrx_word' id='word_1_79' title='bbox 252 1248 433 1332; x_wconf 81' lang='lat' dir='ltr'><strong>promissio,</strong></span> <span class='ocrx_word' id='word_1_80' title='bbox 453 1248 702 1313; x_wconf 82' lang='lat' dir='ltr'><strong>aionthbeooao</strong></span> <span class='ocrx_word' id='word_1_81' title='bbox 723 1247 838 1322; x_wconf 85' lang='lat' dir='ltr'><strong>deerat,</strong></span> <span class='ocrx_word' id='word_1_82' title='bbox 859 1246 1012 1330; x_wconf 85' lang='lat' dir='ltr'><strong>onpplent¹</strong></span> 
     </span>
     <span class='ocr_line' id='line_1_13' title="bbox 55 1349 1004 1434; baseline -0.003 -20"><span class='ocrx_word' id='word_1_83' title='bbox 55 1353 101 1429; x_wconf 89' lang='lat' dir='ltr'><strong>id,</strong></span> <span class='ocrx_word' id='word_1_84' title='bbox 123 1364 152 1415; x_wconf 90' lang='lat' dir='ltr'><strong>et</strong></span> <span class='ocrx_word' id='word_1_85' title='bbox 172 1363 331 1413; x_wconf 88' lang='lat' dir='ltr'><strong>sonenrrnt</strong></span> <span class='ocrx_word' id='word_1_86' title='bbox 352 1352 460 1415; x_wconf 83' lang='lat' dir='ltr'><strong>oratio.</strong></span> <span class='ocrx_word' id='word_1_87' title='bbox 503 1351 568 1415; x_wconf 77' lang='lat' dir='ltr'><strong>sat</strong></span> <span class='ocrx_word' id='word_1_88' title='bbox 593 1362 640 1413; x_wconf 85' lang='lat' dir='ltr'><strong>est</strong></span> <span class='ocrx_word' id='word_1_89' title='bbox 660 1372 710 1414; x_wconf 88' lang='lat' dir='ltr'><strong>rea</strong></span> <span class='ocrx_word' id='word_1_90' title='bbox 730 1349 827 1413; x_wconf 83' lang='lat' dir='ltr'><strong>ardna</strong></span> <span class='ocrx_word' id='word_1_91' title='bbox 845 1360 877 1411; x_wconf 88' lang='lat' dir='ltr'><strong>et</strong></span> <span class='ocrx_word' id='word_1_92' title='bbox 897 1352 1004 1434; x_wconf 76' lang='lat' dir='ltr'><strong>magni</strong></span> 
     </span>
     <span class='ocr_line' id='line_1_14' title="bbox 55 1444 1004 1539; baseline 0.001 -24"><span class='ocrx_word' id='word_1_93' title='bbox 55 1455 192 1529; x_wconf 82' lang='lat' dir='ltr'><strong>laboris,</strong></span> <span class='ocrx_word' id='word_1_94' title='bbox 220 1466 251 1515; x_wconf 89' lang='lat' dir='ltr'><strong>et</strong></span> <span class='ocrx_word' id='word_1_95' title='bbox 270 1455 367 1539; x_wconf 86' lang='lat' dir='ltr'><strong>longo</strong></span> <span class='ocrx_word' id='word_1_96' title='bbox 388 1444 559 1532; x_wconf 71' lang='lat' dir='ltr'><strong>diffieilior,</strong></span> <span class='ocrx_word' id='word_1_97' title='bbox 586 1475 681 1537; x_wconf 82' lang='lat' dir='ltr'><strong>qnam</strong></span> <span class='ocrx_word' id='word_1_98' title='bbox 701 1452 894 1537; x_wconf 80' lang='lat' dir='ltr'><strong>praedioetio</strong></span> <span class='ocrx_word' id='word_1_99' title='bbox 916 1452 1004 1517; x_wconf 81' lang='lat' dir='ltr'><strong>verbi</strong></span> 
     </span>
     <span class='ocr_line' id='line_1_15' title="bbox 56 1553 1004 1641; baseline 0.002 -22"><span class='ocrx_word' id='word_1_100' title='bbox 56 1569 112 1619; x_wconf 85' lang='lat' dir='ltr'><strong>ant</strong></span> <span class='ocrx_word' id='word_1_101' title='bbox 132 1554 191 1619; x_wconf 84' lang='lat' dir='ltr'><strong>alia</strong></span> <span class='ocrx_word' id='word_1_102' title='bbox 213 1553 313 1618; x_wconf 80' lang='lat' dir='ltr'><strong>officia</strong></span> <span class='ocrx_word' id='word_1_103' title='bbox 333 1557 545 1621; x_wconf 80' lang='lat' dir='ltr'><strong>ecelesiastica.</strong></span> <span class='ocrx_word' id='word_1_104' title='bbox 588 1554 724 1638; x_wconf 79' lang='lat' dir='ltr'><strong>Quando</strong></span> <span class='ocrx_word' id='word_1_105' title='bbox 746 1554 906 1631; x_wconf 82' lang='lat' dir='ltr'><strong>donemus,</strong></span> <span class='ocrx_word' id='word_1_106' title='bbox 925 1557 1004 1641; x_wconf 86' lang='lat' dir='ltr'><strong>pati·</strong></span> 
     </span>
     <span class='ocr_line' id='line_1_16' title="bbox 56 1646 1003 1746; baseline 0.003 -25"><span class='ocrx_word' id='word_1_107' title='bbox 56 1681 130 1721; x_wconf 85' lang='lat' dir='ltr'><strong>mur</strong></span> <span class='ocrx_word' id='word_1_108' title='bbox 150 1658 268 1742; x_wconf 80' lang='lat' dir='ltr'><strong>magia,</strong></span> <span class='ocrx_word' id='word_1_109' title='bbox 295 1682 390 1743; x_wconf 80' lang='lat' dir='ltr'><strong>qnam</strong></span> <span class='ocrx_word' id='word_1_110' title='bbox 410 1646 551 1746; x_wconf 36' lang='lat' dir='ltr'><strong>t‘gimutt</strong></span> <span class='ocrx_word' id='word_1_111' title='bbox 581 1657 667 1721; x_wconf 71' lang='lat' dir='ltr'><strong>Deus</strong></span> <span class='ocrx_word' id='word_1_112' title='bbox 692 1654 834 1740; x_wconf 57' lang='lat' dir='ltr'><strong>loquitur</strong></span> <span class='ocrx_word' id='word_1_113' title='bbox 857 1681 1003 1742; x_wconf 53' lang='lat' dir='ltr'><strong>perenne,</strong></span> 
     </span>
     <span class='ocr_line' id='line_1_17' title="bbox 58 1757 1002 1847; baseline 0.004 -24"><span class='ocrx_word' id='word_1_114' title='bbox 58 1775 90 1823; x_wconf 88' lang='lat' dir='ltr'><strong>et</strong></span> <span class='ocrx_word' id='word_1_115' title='bbox 111 1772 156 1821; x_wconf 83' lang='lat' dir='ltr'><strong>set</strong></span> <span class='ocrx_word' id='word_1_116' title='bbox 176 1779 255 1841; x_wconf 89' lang='lat' dir='ltr'><strong>opns</strong></span> <span class='ocrx_word' id='word_1_117' title='bbox 268 1759 417 1825; x_wconf 87' lang='lat' dir='ltr'><strong>divinum.</strong></span> <span class='ocrx_word' id='word_1_118' title='bbox 438 1761 606 1826; x_wconf 78' lang='lat' dir='ltr'><strong>Sodoma</strong></span> <span class='ocrx_word' id='word_1_119' title='bbox 620 1757 891 1824; x_wconf 80' lang='lat' dir='ltr'><strong>aetdiffieillimnm</strong></span> <span class='ocrx_word' id='word_1_120' title='bbox 911 1783 1002 1847; x_wconf 80' lang='lat' dir='ltr'><strong>opat,</strong></span> 
     </span>
     <span class='ocr_line' id='line_1_18' title="bbox 58 1861 466 1926; baseline 0 -2"><span class='ocrx_word' id='word_1_121' title='bbox 58 1865 130 1924; x_wconf 90' lang='lat' dir='ltr'><strong>ideo</strong></span> <span class='ocrx_word' id='word_1_122' title='bbox 153 1861 246 1921; x_wconf 83' lang='lat' dir='ltr'><strong>etiem</strong></span> <span class='ocrx_word' id='word_1_123' title='bbox 266 1863 466 1926; x_wconf 79' lang='lat' dir='ltr'><strong>rarissimum.</strong></span> 
     </span>
    </p>

    <p class='ocr_par' dir='ltr' id='par_1_4' title="bbox 57 1961 1032 3692">
     <span class='ocr_line' id='line_1_19' title="bbox 139 1961 1004 2050; baseline 0.01 -27"><span class='ocrx_word' id='word_1_124' title='bbox 139 1963 297 2048; x_wconf 36' lang='lat' dir='ltr'><strong>Magnum,</strong></span> <span class='ocrx_word' id='word_1_125' title='bbox 310 1965 408 2050; x_wconf 85' lang='lat' dir='ltr'><strong>igitur</strong></span> <span class='ocrx_word' id='word_1_126' title='bbox 428 1978 487 2038; x_wconf 84' lang='lat' dir='ltr'><strong>eat,</strong></span> <span class='ocrx_word' id='word_1_127' title='bbox 517 1963 604 2048; x_wconf 85' lang='lat' dir='ltr'><strong>quoti</strong></span> <span class='ocrx_word' id='word_1_128' title='bbox 623 1962 716 2024; x_wconf 84' lang='lat' dir='ltr'><strong>audet</strong></span> <span class='ocrx_word' id='word_1_129' title='bbox 735 1961 818 2027; x_wconf 81' lang='lat' dir='ltr'><strong>letan</strong></span> <span class='ocrx_word' id='word_1_130' title='bbox 839 1967 951 2030; x_wconf 86' lang='lat' dir='ltr'><strong>oeulos</strong></span> <span class='ocrx_word' id='word_1_131' title='bbox 972 1981 1004 2032; x_wconf 87' lang='lat' dir='ltr'><strong>ot</strong></span> 
     </span>
     <span class='ocr_line' id='line_1_20' title="bbox 58 2053 1003 2154; baseline 0.003 -26"><span class='ocrx_word' id='word_1_132' title='bbox 58 2089 170 2128; x_wconf 86' lang='lat' dir='ltr'><strong>manue</strong></span> <span class='ocrx_word' id='word_1_133' title='bbox 191 2066 331 2129; x_wconf 78' lang='lat' dir='ltr'><strong>attollere</strong></span> <span class='ocrx_word' id='word_1_134' title='bbox 357 2070 397 2130; x_wconf 90' lang='lat' dir='ltr'><strong>ad</strong></span> <span class='ocrx_word' id='word_1_135' title='bbox 418 2065 549 2130; x_wconf 71' lang='lat' dir='ltr'><strong>divinem</strong></span> <span class='ocrx_word' id='word_1_136' title='bbox 571 2066 777 2146; x_wconf 82' lang='lat' dir='ltr'><strong>majestatem,</strong></span> <span class='ocrx_word' id='word_1_137' title='bbox 808 2069 896 2150; x_wconf 88' lang='lat' dir='ltr'><strong>quod</strong></span> <span class='ocrx_word' id='word_1_138' title='bbox 915 2053 1003 2154; x_wconf 87' lang='lat' dir='ltr'><strong>petit,</strong></span> 
     </span>
     <span class='ocr_line' id='line_1_21' title="bbox 59 2168 1002 2252; baseline 0.005 -22"><span class='ocrx_word' id='word_1_139' title='bbox 59 2171 179 2252; x_wconf 79' lang='lat' dir='ltr'><strong>quaerit</strong></span> <span class='ocrx_word' id='word_1_140' title='bbox 200 2180 230 2229; x_wconf 90' lang='lat' dir='ltr'><strong>et</strong></span> <span class='ocrx_word' id='word_1_141' title='bbox 260 2169 379 2250; x_wconf 79' lang='lat' dir='ltr'><strong>pulsat:</strong></span> <span class='ocrx_word' id='word_1_142' title='bbox 411 2168 544 2229; x_wconf 80' lang='lat' dir='ltr'><strong>maxima</strong></span> <span class='ocrx_word' id='word_1_143' title='bbox 570 2169 653 2230; x_wconf 89' lang='lat' dir='ltr'><strong>enim</strong></span> <span class='ocrx_word' id='word_1_144' title='bbox 673 2189 723 2229; x_wconf 84' lang='lat' dir='ltr'><strong>res</strong></span> <span class='ocrx_word' id='word_1_145' title='bbox 738 2179 810 2241; x_wconf 69' lang='lat' dir='ltr'><strong>eat,</strong></span> <span class='ocrx_word' id='word_1_146' title='bbox 842 2189 913 2231; x_wconf 84' lang='lat' dir='ltr'><strong>enm</strong></span> <span class='ocrx_word' id='word_1_147' title='bbox 934 2170 1002 2235; x_wconf 76' lang='lat' dir='ltr'><strong>Deo</strong></span> 
     </span>
     <span class='ocr_line' id='line_1_22' title="bbox 57 2268 1004 2355; baseline 0.006 -22"><span class='ocrx_word' id='word_1_148' title='bbox 57 2271 157 2354; x_wconf 88' lang='lat' dir='ltr'><strong>loqui.</strong></span> <span class='ocrx_word' id='word_1_149' title='bbox 197 2269 254 2331; x_wconf 88' lang='lat' dir='ltr'><strong>Est</strong></span> <span class='ocrx_word' id='word_1_150' title='bbox 275 2283 304 2332; x_wconf 86' lang='lat' dir='ltr'><strong>et</strong></span> <span class='ocrx_word' id='word_1_151' title='bbox 324 2268 403 2330; x_wconf 82' lang='lat' dir='ltr'><strong>illud</strong></span> <span class='ocrx_word' id='word_1_152' title='bbox 424 2290 582 2353; x_wconf 82' lang='lat' dir='ltr'><strong>magnum,</strong></span> <span class='ocrx_word' id='word_1_153' title='bbox 603 2272 730 2355; x_wconf 85' lang='lat' dir='ltr'><strong>quando</strong></span> <span class='ocrx_word' id='word_1_154' title='bbox 749 2271 818 2353; x_wconf 83' lang='lat' dir='ltr'><strong>ipse</strong></span> <span class='ocrx_word' id='word_1_155' title='bbox 838 2274 1004 2339; x_wconf 83' lang='lat' dir='ltr'><strong>nobiseum</strong></span> 
     </span>
     <span class='ocr_line' id='line_1_23' title="bbox 59 2370 1004 2454; baseline 0.008 -22"><span class='ocrx_word' id='word_1_156' title='bbox 59 2372 217 2454; x_wconf 85' lang='lat' dir='ltr'><strong>loquitur3</strong></span> <span class='ocrx_word' id='word_1_157' title='bbox 244 2372 298 2433; x_wconf 84' lang='lat' dir='ltr'><strong>sed</strong></span> <span class='ocrx_word' id='word_1_158' title='bbox 318 2370 379 2431; x_wconf 89' lang='lat' dir='ltr'><strong>hon</strong></span> <span class='ocrx_word' id='word_1_159' title='bbox 399 2371 552 2433; x_wconf 86' lang='lat' dir='ltr'><strong>diffieiliua</strong></span> <span class='ocrx_word' id='word_1_160' title='bbox 573 2384 628 2434; x_wconf 89' lang='lat' dir='ltr'><strong>est.</strong></span> <span class='ocrx_word' id='word_1_161' title='bbox 670 2373 799 2436; x_wconf 82' lang='lat' dir='ltr'><strong>Aooetlit</strong></span> <span class='ocrx_word' id='word_1_162' title='bbox 818 2376 900 2439; x_wconf 86' lang='lat' dir='ltr'><strong>enirn</strong></span> <span class='ocrx_word' id='word_1_163' title='bbox 919 2377 1004 2441; x_wconf 86' lang='lat' dir='ltr'><strong>infir-</strong></span> 
     </span>
     <span class='ocr_line' id='line_1_24' title="bbox 59 2472 1003 2569; baseline 0.004 -34"><span class='ocrx_word' id='word_1_164' title='bbox 59 2475 148 2535; x_wconf 80' lang='lat' dir='ltr'><strong>mites</strong></span> <span class='ocrx_word' id='word_1_165' title='bbox 169 2484 198 2534; x_wconf 89' lang='lat' dir='ltr'><strong>et</strong></span> <span class='ocrx_word' id='word_1_166' title='bbox 217 2472 404 2553; x_wconf 75' lang='lat' dir='ltr'><strong>indignitas,</strong></span> <span class='ocrx_word' id='word_1_167' title='bbox 425 2495 504 2555; x_wconf 81' lang='lat' dir='ltr'><strong>quae</strong></span> <span class='ocrx_word' id='word_1_168' title='bbox 524 2474 650 2569; x_wconf 71' lang='lat' dir='ltr'><strong>retrahit</strong></span> <span class='ocrx_word' id='word_1_169' title='bbox 670 2496 740 2552; x_wconf 88' lang='lat' dir='ltr'><strong>noa,</strong></span> <span class='ocrx_word' id='word_1_170' title='bbox 760 2490 795 2539; x_wconf 88' lang='lat' dir='ltr'><strong>nt</strong></span> <span class='ocrx_word' id='word_1_171' title='bbox 815 2480 1003 2565; x_wconf 78' lang='lat' dir='ltr'><strong>nogitemus:</strong></span> 
     </span>
     <span class='ocr_line' id='line_1_25' title="bbox 60 2574 1003 2661; baseline 0.008 -24"><span class='ocrx_word' id='word_1_172' title='bbox 60 2577 141 2659; x_wconf 78' lang='lat' dir='ltr'><strong>Quis</strong></span> <span class='ocrx_word' id='word_1_173' title='bbox 162 2597 220 2659; x_wconf 86' lang='lat' dir='ltr'><strong>ego</strong></span> <span class='ocrx_word' id='word_1_174' title='bbox 243 2597 328 2650; x_wconf 90' lang='lat' dir='ltr'><strong>anm,</strong></span> <span class='ocrx_word' id='word_1_175' title='bbox 356 2575 411 2658; x_wconf 81' lang='lat' dir='ltr'><strong>qui</strong></span> <span class='ocrx_word' id='word_1_176' title='bbox 431 2574 558 2637; x_wconf 80' lang='lat' dir='ltr'><strong>andeam</strong></span> <span class='ocrx_word' id='word_1_177' title='bbox 588 2575 729 2661; x_wconf 79' lang='lat' dir='ltr'><strong>attollere</strong></span> <span class='ocrx_word' id='word_1_178' title='bbox 749 2580 875 2658; x_wconf 84' lang='lat' dir='ltr'><strong>oeulos,</strong></span> <span class='ocrx_word' id='word_1_179' title='bbox 901 2582 1003 2648; x_wconf 81' lang='lat' dir='ltr'><strong>lernre</strong></span> 
     </span>
     <span class='ocr_line' id='line_1_26' title="bbox 58 2677 1021 2766; baseline 0.011 -26"><span class='ocrx_word' id='word_1_180' title='bbox 58 2701 171 2741; x_wconf 87' lang='lat' dir='ltr'><strong>manue</strong></span> <span class='ocrx_word' id='word_1_181' title='bbox 192 2679 231 2740; x_wconf 89' lang='lat' dir='ltr'><strong>nd</strong></span> <span class='ocrx_word' id='word_1_182' title='bbox 252 2677 389 2740; x_wconf 85' lang='lat' dir='ltr'><strong>divinam</strong></span> <span class='ocrx_word' id='word_1_183' title='bbox 410 2678 623 2761; x_wconf 76' lang='lat' dir='ltr'><strong>majestatem?</strong></span> <span class='ocrx_word' id='word_1_184' title='bbox 651 2677 718 2743; x_wconf 89' lang='lat' dir='ltr'><strong>Ubi</strong></span> <span class='ocrx_word' id='word_1_185' title='bbox 736 2682 850 2766; x_wconf 85' lang='lat' dir='ltr'><strong>Angeli</strong></span> <span class='ocrx_word' id='word_1_186' title='bbox 869 2700 951 2761; x_wconf 86' lang='lat' dir='ltr'><strong>tunt,</strong></span> <span class='ocrx_word' id='word_1_187' title='bbox 972 2700 1021 2750; x_wconf 88' lang='lat' dir='ltr'><strong>et-</strong></span> 
     </span>
     <span class='ocr_line' id='line_1_27' title="bbox 58 2779 1002 2873; baseline 0.01 -30"><span class='ocrx_word' id='word_1_188' title='bbox 58 2782 99 2843; x_wconf 84' lang='lat' dir='ltr'><strong>nd</strong></span> <span class='ocrx_word' id='word_1_189' title='bbox 120 2781 207 2861; x_wconf 79' lang='lat' dir='ltr'><strong>eujus</strong></span> <span class='ocrx_word' id='word_1_190' title='bbox 229 2792 337 2841; x_wconf 86' lang='lat' dir='ltr'><strong>nutum</strong></span> <span class='ocrx_word' id='word_1_191' title='bbox 358 2782 462 2843; x_wconf 87' lang='lat' dir='ltr'><strong>tremit</strong></span> <span class='ocrx_word' id='word_1_192' title='bbox 482 2794 564 2844; x_wconf 80' lang='lat' dir='ltr'><strong>totns</strong></span> <span class='ocrx_word' id='word_1_193' title='bbox 585 2779 728 2858; x_wconf 82' lang='lat' dir='ltr'><strong>mundus,</strong></span> <span class='ocrx_word' id='word_1_194' title='bbox 749 2784 789 2847; x_wconf 86' lang='lat' dir='ltr'><strong>nd</strong></span> <span class='ocrx_word' id='word_1_195' title='bbox 809 2804 921 2851; x_wconf 85' lang='lat' dir='ltr'><strong>onmno</strong></span> <span class='ocrx_word' id='word_1_196' title='bbox 940 2810 1002 2873; x_wconf 83' lang='lat' dir='ltr'><strong>ego</strong></span> 
     </span>
     <span class='ocr_line' id='line_1_28' title="bbox 58 2882 1004 2967; baseline 0.007 -22"><span class='ocrx_word' id='word_1_197' title='bbox 58 2883 232 2945; x_wconf 85' lang='lat' dir='ltr'><strong>homuncio</strong></span> <span class='ocrx_word' id='word_1_198' title='bbox 254 2883 347 2944; x_wconf 84' lang='lat' dir='ltr'><strong>miser</strong></span> <span class='ocrx_word' id='word_1_199' title='bbox 367 2884 482 2947; x_wconf 86' lang='lat' dir='ltr'><strong>dinam:</strong></span> <span class='ocrx_word' id='word_1_200' title='bbox 517 2882 586 2944; x_wconf 85' lang='lat' dir='ltr'><strong>Hoo</strong></span> <span class='ocrx_word' id='word_1_201' title='bbox 607 2882 680 2944; x_wconf 81' lang='lat' dir='ltr'><strong>volo</strong></span> <span class='ocrx_word' id='word_1_202' title='bbox 701 2894 732 2944; x_wconf 87' lang='lat' dir='ltr'><strong>et</strong></span> <span class='ocrx_word' id='word_1_203' title='bbox 751 2894 843 2967; x_wconf 89' lang='lat' dir='ltr'><strong>peto,</strong></span> <span class='ocrx_word' id='word_1_204' title='bbox 871 2901 906 2950; x_wconf 90' lang='lat' dir='ltr'><strong>ut</strong></span> <span class='ocrx_word' id='word_1_205' title='bbox 926 2890 1004 2952; x_wconf 88' lang='lat' dir='ltr'><strong>mihi</strong></span> 
     </span>
     <span class='ocr_line' id='line_1_29' title="bbox 59 2982 1005 3078; baseline -0.001 -31"><span class='ocrx_word' id='word_1_206' title='bbox 59 2986 141 3047; x_wconf 75' lang='lat' dir='ltr'><strong>dee?</strong></span> <span class='ocrx_word' id='word_1_207' title='bbox 170 2986 401 3050; x_wconf 86' lang='lat' dir='ltr'><strong>Monanhorum</strong></span> <span class='ocrx_word' id='word_1_208' title='bbox 423 2999 452 3049; x_wconf 87' lang='lat' dir='ltr'><strong>et</strong></span> <span class='ocrx_word' id='word_1_209' title='bbox 472 2982 682 3048; x_wconf 81' lang='lat' dir='ltr'><strong>snorifinornm</strong></span> <span class='ocrx_word' id='word_1_210' title='bbox 702 2987 813 3072; x_wconf 81' lang='lat' dir='ltr'><strong>vulgus</strong></span> <span class='ocrx_word' id='word_1_211' title='bbox 835 2992 895 3057; x_wconf 86' lang='lat' dir='ltr'><strong>hoe</strong></span> <span class='ocrx_word' id='word_1_212' title='bbox 915 2995 1005 3078; x_wconf 80' lang='lat' dir='ltr'><strong>igno.</strong></span> 
     </span>
     <span class='ocr_line' id='line_1_30' title="bbox 60 3076 1005 3176; baseline 0.012 -29"><span class='ocrx_word' id='word_1_213' title='bbox 60 3099 126 3163; x_wconf 84' lang='lat' dir='ltr'><strong>rat,</strong></span> <span class='ocrx_word' id='word_1_214' title='bbox 154 3110 211 3151; x_wconf 90' lang='lat' dir='ltr'><strong>neo</strong></span> <span class='ocrx_word' id='word_1_215' title='bbox 232 3089 347 3163; x_wconf 82' lang='lat' dir='ltr'><strong>soinnt,</strong></span> <span class='ocrx_word' id='word_1_216' title='bbox 375 3089 450 3172; x_wconf 82' lang='lat' dir='ltr'><strong>qnid</strong></span> <span class='ocrx_word' id='word_1_217' title='bbox 477 3087 515 3149; x_wconf 85' lang='lat' dir='ltr'><strong>ait</strong></span> <span class='ocrx_word' id='word_1_218' title='bbox 536 3108 641 3165; x_wconf 80' lang='lat' dir='ltr'><strong>orere,</strong></span> <span class='ocrx_word' id='word_1_219' title='bbox 672 3076 850 3175; x_wconf 44' lang='lat' dir='ltr'><strong>Quanquam</strong></span> <span class='ocrx_word' id='word_1_220' title='bbox 879 3092 1005 3176; x_wconf 81' lang='lat' dir='ltr'><strong>piorum</strong></span> 
     </span>
     <span class='ocr_line' id='line_1_31' title="bbox 60 3187 1032 3280; baseline 0.008 -29"><span class='ocrx_word' id='word_1_221' title='bbox 60 3189 161 3273; x_wconf 87' lang='lat' dir='ltr'><strong>aliqui</strong></span> <span class='ocrx_word' id='word_1_222' title='bbox 179 3187 300 3252; x_wconf 79' lang='lat' dir='ltr'><strong>facilins</strong></span> <span class='ocrx_word' id='word_1_223' title='bbox 328 3190 381 3252; x_wconf 79' lang='lat' dir='ltr'><strong>hta</strong></span> <span class='ocrx_word' id='word_1_224' title='bbox 402 3191 606 3273; x_wconf 75' lang='lat' dir='ltr'><strong>cogitationes</strong></span> <span class='ocrx_word' id='word_1_225' title='bbox 626 3191 763 3254; x_wconf 82' lang='lat' dir='ltr'><strong>vineant.</strong></span> <span class='ocrx_word' id='word_1_226' title='bbox 800 3192 868 3267; x_wconf 68' lang='lat' dir='ltr'><strong>,Sed</strong></span> <span class='ocrx_word' id='word_1_227' title='bbox 896 3218 1003 3280; x_wconf 83' lang='lat' dir='ltr'><strong>preses</strong></span> <span class='ocrx_word' id='word_1_228' title='bbox 1027 3224 1032 3235; x_wconf 71' lang='lat'>=</span> 
     </span>
     <span class='ocr_line' id='line_1_32' title="bbox 59 3291 1004 3376; baseline 0.011 -23"><span class='ocrx_word' id='word_1_229' title='bbox 59 3315 132 3355; x_wconf 80' lang='lat' dir='ltr'><strong>rere</strong></span> <span class='ocrx_word' id='word_1_230' title='bbox 161 3305 306 3376; x_wconf 87' lang='lat' dir='ltr'><strong>potentes</strong></span> <span class='ocrx_word' id='word_1_231' title='bbox 328 3306 359 3355; x_wconf 90' lang='lat' dir='ltr'><strong>et</strong></span> <span class='ocrx_word' id='word_1_232' title='bbox 379 3294 515 3367; x_wconf 82' lang='lat' dir='ltr'><strong>validae,</strong></span> <span class='ocrx_word' id='word_1_233' title='bbox 544 3312 625 3376; x_wconf 82' lang='lat' dir='ltr'><strong>qnae</strong></span> <span class='ocrx_word' id='word_1_234' title='bbox 639 3291 751 3355; x_wconf 85' lang='lat' dir='ltr'><strong>nubes</strong></span> <span class='ocrx_word' id='word_1_235' title='bbox 771 3309 932 3376; x_wconf 85' lang='lat' dir='ltr'><strong>penetrare</strong></span> <span class='ocrx_word' id='word_1_236' title='bbox 952 3300 1004 3363; x_wconf 85' lang='lat' dir='ltr'><strong>de-</strong></span> 
     </span>
     <span class='ocr_line' id='line_1_33' title="bbox 57 3393 1003 3487; baseline 0.008 -30"><span class='ocrx_word' id='word_1_237' title='bbox 57 3396 145 3470; x_wconf 89' lang='lat' dir='ltr'><strong>bent,</strong></span> <span class='ocrx_word' id='word_1_238' title='bbox 167 3396 309 3479; x_wconf 84' lang='lat' dir='ltr'><strong>profesto</strong></span> <span class='ocrx_word' id='word_1_239' title='bbox 339 3396 475 3459; x_wconf 83' lang='lat' dir='ltr'><strong>diffinilee</strong></span> <span class='ocrx_word' id='word_1_240' title='bbox 495 3408 576 3458; x_wconf 83' lang='lat' dir='ltr'><strong>nunt.</strong></span> <span class='ocrx_word' id='word_1_241' title='bbox 616 3393 691 3478; x_wconf 86' lang='lat' dir='ltr'><strong>Ego</strong></span> <span class='ocrx_word' id='word_1_242' title='bbox 711 3396 811 3487; x_wconf 77' lang='lat' dir='ltr'><strong>enim,</strong></span> <span class='ocrx_word' id='word_1_243' title='bbox 838 3400 894 3484; x_wconf 88' lang='lat' dir='ltr'><strong>qui</strong></span> <span class='ocrx_word' id='word_1_244' title='bbox 913 3402 1003 3480; x_wconf 74' lang='lat' dir='ltr'><strong>einis,</strong></span> 
     </span>
     <span class='ocr_line' id='line_1_34' title="bbox 57 3497 1004 3583; baseline 0.01 -25"><span class='ocrx_word' id='word_1_245' title='bbox 57 3497 162 3580; x_wconf 80' lang='lat' dir='ltr'><strong>pulvis</strong></span> <span class='ocrx_word' id='word_1_246' title='bbox 184 3510 213 3560; x_wconf 94' lang='lat' dir='ltr'><strong>et</strong></span> <span class='ocrx_word' id='word_1_247' title='bbox 233 3498 344 3581; x_wconf 82' lang='lat' dir='ltr'><strong>plenus</strong></span> <span class='ocrx_word' id='word_1_248' title='bbox 364 3499 495 3583; x_wconf 86' lang='lat' dir='ltr'><strong>pennatis</strong></span> <span class='ocrx_word' id='word_1_249' title='bbox 515 3519 595 3573; x_wconf 86' lang='lat' dir='ltr'><strong>snm,</strong></span> <span class='ocrx_word' id='word_1_250' title='bbox 616 3497 890 3581; x_wconf 82' lang='lat' dir='ltr'><strong>alloquor-virum,</strong></span> <span class='ocrx_word' id='word_1_251' title='bbox 909 3517 1004 3567; x_wconf 81' lang='lat' dir='ltr'><strong>sater-</strong></span> 
     </span>
     <span class='ocr_line' id='line_1_35' title="bbox 57 3592 1003 3692; baseline -0.001 -30"><span class='ocrx_word' id='word_1_252' title='bbox 57 3624 137 3664; x_wconf 88' lang='lat' dir='ltr'><strong>num</strong></span> <span class='ocrx_word' id='word_1_253' title='bbox 158 3614 188 3665; x_wconf 88' lang='lat' dir='ltr'><strong>et</strong></span> <span class='ocrx_word' id='word_1_254' title='bbox 208 3623 315 3665; x_wconf 83' lang='lat' dir='ltr'><strong>rerum</strong></span> <span class='ocrx_word' id='word_1_255' title='bbox 336 3598 446 3667; x_wconf 81' lang='lat' dir='ltr'><strong>Deum·</strong></span> <span class='ocrx_word' id='word_1_256' title='bbox 487 3596 563 3661; x_wconf 85' lang='lat' dir='ltr'><strong>Non</strong></span> <span class='ocrx_word' id='word_1_257' title='bbox 575 3597 682 3685; x_wconf 82' lang='lat' dir='ltr'><strong>igitur</strong></span> <span class='ocrx_word' id='word_1_258' title='bbox 700 3601 814 3667; x_wconf 74' lang='lat' dir='ltr'><strong>enirm</strong></span> <span class='ocrx_word' id='word_1_259' title='bbox 826 3592 889 3683; x_wconf 58' lang='lat' dir='ltr'><strong>&#39;est</strong></span> <span class='ocrx_word' id='word_1_260' title='bbox 909 3608 1003 3692; x_wconf 62' lang='lat' dir='ltr'><strong>tropi.</strong></span> 
     </span>
    </p>
   </div>
   <div class='ocr_carea' id='block_1_4' title="bbox 0 0 1101 4050">
    <p class='ocr_par' dir='ltr' id='par_1_5' title="bbox 0 0 1101 4050">
     <span class='ocr_line' id='line_1_36' title="bbox 0 0 1101 4050; baseline 0 0"><span class='ocrx_word' id='word_1_261' title='bbox 0 0 1101 4050; x_wconf 95' lang='lat' dir='ltr'><strong> </strong></span> 
     </span>
    </p>
   </div>
  </div>
 </body>
</html>
