2250 4064
263 192 304 258 ω
540 187 791 273 vigesimum
814 156 949 293 osputl

264 346 334 401 σπι
351 336 413 421 p‘ro
435 348 492 415 eo}
513 337 613 413 idem,
632 336 800 423 inquiunt,
822 360 880 402 nes
901 322 1082 401 fecimus'in
1107 322 1122 399 u

264 441 381 527 steriis3
402 439 483 522 iuste
502 439 600 525 igitur
620 443 788 525 accipimus
811 444 903 516 done,
926 464 1004 525 quse
1027 440 1122 509 offero

263 544 339 605 item
368 543 502 605 honores
533 557 563 605 et
590 544 774 631 dignitates:
810 566 866 607 eur
892 545 972 604 enim
1002 565 1122 606 recussi

264 645 349 729 hseo,
371 664 442 719 eom
462 645 629 720 videamus,
652 647 862 708 Abrshsmum
884 669 948 707 non
965 649 1122 721 recusare?

195 811 205 823 ,
233 734 236 739 ’
265 746 327 810 eilo
348 746 429 809 enim
451 750 570 830 petitur
599 771 631 812 se
652 749 820 833 glorificari
847 763 877 812 et
905 750 1106 837 locupletari.

263 849 362 937 igitur
381 873 438 914 nos
460 874 617 916 oraremus
639 856 752 937 gestie,
781 853 861 915 siout
888 875 943 916 vos
963 848 1123 915 Lutfiersu

264 952 367 1017 setis?

270 1092 274 1101 ·
313 1090 316 1095 ·
344 1054 395 1118 Ao
415 1055 477 1119 hoe
498 1068 712 1142 argumentum
734 1054 916 1138 simpliciter
928 1056 1124 1139 respondeo:

195 1156 199 1164 '
263 1156 367 1234 idem,
393 1158 479 1241 t'suod
500 1160 656 1221 Abrohom
677 1157 764 1232 iecit,
794 1170 824 1219 et
845 1157 986 1219 dabimus
1015 1158 1076 1219 tibi
1100 1183 1124 1223 o*

264 1259 300 1323 lu
321 1260 383 1357 hoo
403 1259 490 1321 focile
512 1273 559 1322 est
578 1262 695 1329 imitari
716 1261 936 1334 Abrshemum,
958 1272 992 1321 ot
1012 1263 1124 1345 scripit

265 1361 354 1439 eliis,
375 1364 438 1425 imo
458 1377 494 1425 ut
515 1365 670 1428 diseurrse
692 1363 875 1437 hincinde,
905 1354 935 1422 et
956 1374 1125 1446 extorque

265 1464 388 1528 eunium
419 1477 578 1548 prsetextu
608 1467 776 1542 oretionis3
808 1464 863 1526 sed
892 1465 1064 1526 orationem
1099 1490 1125 1528 ι.

264 1567 408 1654 profecto
430 1591 497 1630 non
518 1566 607 1631 sueiie
629 1581 692 1645 eet,
721 1582 750 1629 et
771 1581 895 1639 orator,
924 1567 1024 1648 qualis
1048 1570 1105 1634 Ab

266 1687 332 1750 eet,
359 1695 423 1735 nou
443 1672 545 1733 solum
567 1673 680 1756 dignus
701 1684 763 1741 eet,
791 1682 825 1730 ut
845 1670 961 1742 aletur,
991 1673 1045 1734 sed
1069 1677 1121 1736 eti

265 1776 450 1850 honoretur,
470 1777 549 1837 siout
571 1777 685 1837 Paetus
708 1781 739 1846 (1
754 1771 834 1831 Tim.
850 1778 879 1843 5,
904 1775 966 1857 17.)
989 1775 1027 1836 de
1048 1799 1120 1839 ver

267 1877 374 1941 nistris
396 1878 490 1952 dicit,
521 1876 758 1959 quod·dupliei
789 1876 908 1935 honore
929 1876 1017 1961 digni
1047 1894 1124 1943 sunt

266 1978 431 2045 Christuse
468 1979 709 2055 „Meroeoom'us
738 1980 854 2064 dignus
885 1990 930 2040 ert
959 1986 1103 2048 mercede

267 2084 396 2163 (Mene.
419 2085 468 2157 10,
491 2084 565 2155 to).

244 2264 248 2271 Ι
289 2174 293 2180 ’
346 2185 499 2247 Narratur
519 2182 558 2246 de
578 2194 686 2245 eenoto
706 2178 888 2254 Hulderioo,
910 2181 1023 2246 eluisse
1044 2208 1116 2250 eum

267 2290 370 2354 dieum
392 2287 559 2371 quendem,
581 2285 634 2366 qui
656 2282 794 2365 quotidie
813 2305 873 2366 pro
894 2284 964 2366 ipso
987 2305 1123 2359 ureret.¹

268 2392 352 2456 diere
374 2401 485 2462 eutem,
505 2399 542 2448 ut
561 2407 752 2449 occurremur
774 2388 841 2469 ejus
863 2390 1000 2470 quodem
1023 2394 1075 2455 die
1105 2429 1119 2449 n

268 2514 341 2557 eum
369 2493 561 2578 negligeret,
591 2503 622 2553 et
648 2490 824 2572 portionem
856 2493 976 2553 solitam
1010 2516 1076 2557 non
1118 2532 1122 2552 .

265 2594 374 2680 itaque
393 2594 570 2657 mendicum
591 2595 681 2655 etiem
702 2592 899 2655 intermisisse
920 2597 1103 2660 orationem.

266 2712 371 2763 eutem
393 2697 580 2759 Hulderioue
610 2697 727 2781 aliquid
755 2698 943 2759 incommodi
965 2719 1093 2781 pessus,

268 2802 321 2867 (lie
340 2800 534 2885 periclitatos
555 2812 631 2872 eret,
652 2799 826 2883 interroget
846 2799 1034 2873 mendicum,
1056 2823 1112 2864 ore

266 2924 306 2969 eo
328 2905 379 2967 die
398 2925 457 2987 pro
477 2900 721 2965 se?·Meodieoe
741 2902 776 2963 id
797 2913 901 2987 neget,
922 2913 953 2962 et
974 2902 1063 2962 addit
1079 2925 1114 2964 oe

267 3006 346 3070 nihil
367 3006 428 3069 tibi
456 3026 492 3069 eo
523 3007 574 3069 die
601 3007 641 3068 ab
661 3025 834 3068 oeconomo
864 3025 929 3066 esse
959 3005 1072 3067 datum.

207 3187 213 3193 .
266 3108 457 3173 Hulderioue
489 3110 636 3195 objurget
666 3128 891 3182 oeoonomum‚
921 3108 1008 3190 quod
1030 3123 1115 3171 sust

267 3224 331 3275 tete
360 3211 527 3295 privaverit
552 3211 657 3295 ipsum
684 3210 906 3274 intercessione
936 3212 1080 3274 mendici.

265 3312 378 3398 inquit
407 3334 614 3389 oeoouomne,
644 3312 753 3396 quenti
783 3333 850 3375 esee
878 3325 968 3396 putes
997 3335 1089 3378 orere

266 3429 355 3501 peter
373 3417 504 3481 noster?
545 3417 735 3480 Hulderious
764 3437 833 3478 eum
856 3417 981 3502 ableget
1000 3416 1102 3478 Rome
1114 3452 1125 3468 ιι

184 3570 187 3577 .
264 3517 497 3601 interrogaret,
526 3518 635 3603 quenti
662 3504 836 3583 aestimaret
862 3543 960 3583 unum
988 3537 1080 3605 peter
1099 3546 1119 3584 n

158 3616 166 3631 '
202 3654 222 3689 ·,
263 3618 445 3705 Respondit
464 3619 619 3685 Pontifex:
640 3638 780 3683 numme.
815 3622 876 3685 Hio
896 3645 968 3687 oum
988 3626 1106 3690 rideret
