2182 4050
76 132 140 201 340
171 116 176 125 “
266 110 700 215 Vi‘gesimumse,1tom
724 132 858 210 eepnt'

78 281 181 351 nentis
200 301 258 343 sne
276 278 317 357 in·
331 275 411 354 fide,
431 266 507 361 spe,
527 278 678 352 esrihte,
700 275 903 358 hospitalitate
917 305 947 349 us

80 395 113 448 et
132 384 229 457 ¹vineit
246 402 370 468 negem,
387 394 434 443 xnt
458 390 530 443 non*
551 393 674 443 tentum
703 399 781 441 enm
802 394 838 439 eo
856 380 947 446 redisti

81 487 234 573 gestisne,
262 482 317 547 sed
347 482 441 545 etiem
461 484 501 547 ed
522 504 632 566 verum
653 479 784 543 nultum
804 493 835 545 et
853 476 947 569 ignitio

80 586 142 649 Dei
161 596 365 651 convertetur.
385 584 510 648 Auditis
531 585 615 647 enim
635 585 729 647 haud
750 583 850 647 dubie
868 588 947 649 eones

81 678 240 773 ingressos
270 697 316 750 est
335 683 566 747 tabernaculum
584 685 695 763 Iesse,
726 698 764 748 nt
792 686 947 752 disserete

81 789 213 852 verbum
234 789 304 853 Dei.
324 785 378 853 sie
397 785 502 869 ipsum
522 807 630 877 regem
652 801 687 852 et
708 789 794 864 elios
816 790 946 853 multosl

83 886 158 955 feeit
178 891 263 954 Dens
283 910 342 974 per
371 888 617 954 verbum'issee.
659 891 742 957 Non
766 890 854 953 enim
873 891 943 955 dedit

15 980 20 1003 ‘
82 992 160 1053 bum
179 1003 311 1075 propter
331 1010 390 1055 noe
410 1002 551 1073 tantuin·²
569 997 625 1061 sed
645 1008 792 1080 propter
814 990 900 1066 elios,
916 1005 943 1054 nt

84 1111 359 1155 communicemus.

163 1193 214 1255 Ad
234 1193 317 1254 hune
338 1174 468 1254 metium
498 1193 636 1275 optimus
659 1192 747 1265 odor
771 1204 805 1254 et
826 1192 947 1256 doctrine

84 1292 143 1358 nie
164 1293 247 1357 lesse
267 1306 297 1355 et
316 1293 395 1360 vites
415 1295 589 1361 innocentis
606 1315 740 1377 sparsus
766 1306 818 1359 est
840 1295 947 1376 spndn

84 1411 116 1461 et
140 1397 313 1480 prinsipes,
347 1408 383 1459 nt
411 1396 562 1463 dicerent:
592 1395 662 1465 Cur
693 1398 885 1480 expulimus
905 1419 947 1488 'ess

84 1497 206 1574 virum,
228 1499 284 1582 qui
305 1511 334 1565 et
355 1500 446 1563 docet
467 1488 614 1591 egregie,
642 1514 676 1563 et
703 1501 791 1563 vivit
812 1514 929 1579 senote3

85 1623 165 1665 uxor
184 1614 326 1663 metrone
346 1601 464 1684 optime
485 1614 549 1678 est,
570 1601 725 1679 benefice,
748 1603 895 1668 liberalis
914 1616 940 1665 et

86 1724 203 1790 genere
223 1703 372 1791 virtutum¹
393 1703 526 1768 ornata?
546 1707 649 1788 Atque
671 1705 889 1787 itsoonversi
906 1727 947 1769 eut

49 1810 57 1817 ·
87 1784 317 1883 iit-sosine
345 1807 377 1867 in
398 1817 464 1871 toto
484 1826 584 1889 regno
606 1823 637 1875 ee
660 1810 799 1873 vicinia.
845 1809 947 1871 lesse

86 1908 178 1981 tiens,
200 1909 377 1993 quicunque
398 1907 529 1969 eliorum
550 1907 678 1992 injuriis
702 1909 876 1992 expositus
895 1931 947 1989 es,¹

87 2022 202 2094 speote.
243 2011 328 2074 Hseo
357 2011 460 2073 omnin
490 2011 571 2071 enim
599 2011 756 2091 divinitns
790 2013 947 2077 admisisti

86 2113 157 2194 ipso
184 2111 267 2174 Iesse
296 2113 438 2187 sedente,
469 2125 499 2179 et
526 2113 605 2181 nihil
633 2135 782 2197 prorsus
819 2128 947 2178 contisi

88 2217 251 2293 moliente,
281 2217 359 2284 nihil
388 2216 480 2278 etiem
508 2236 580 2278 eom
608 2239 645 2279 eo
677 2218 947 2302 transigentette

88 2319 171 2380 enim
191 2312 266 2396 fert,
295 2319 381 2404 qnod
401 2316 579 2378 mandatum
601 2331 666 2394 est,
698 2322 858 2382 modeste
878 2333 904 2384 et
919 2322 947 2405 pt

88 2422 299 2499 concionatur,
322 2421 415 2503 erigit
435 2418 670 2485 tehernsoulum
694 2436 728 2489 et
752 2424 947 2491 exercetver]

169 2522 222 2589 Sie
244 2542 300 2585 nos
328 2545 453 2608 qnoque
475 2522 573 2607 quieti
593 2544 728 2601 sumus,
761 2549 836 2588 uon
866 2550 947 2613 pugn.

59 2658 65 2667 s
88 2627 181 2689 multi
201 2648 275 2690 vero
296 2615 444 2713 venerunt
464 2627 503 2689 ed
523 2647 580 2688 nos
595 2625 692 2689 etism
717 2651 757 2691 ex
771 2629 921 2705 inimicis,
939 2652 947 2691 ι

89 2728 170 2791 versi
192 2740 273 2803 sunt,
293 2750 344 2789 me
358 2749 460 2812 neque
476 2740 616 2814 cogente,
638 2751 700 2792 neo
718 2732 898 2816 cogitante.
919 2733 947 2794 Pi

90 2831 272 2894 suavissime
291 2830 367 2892 hneo
390 2830 559 2898 consolatio
582 2845 638 2908 est,
661 2855 860 2918 congruens
885 2857 947 2898 cum

89 2933 287 3002 Eeelesisstis
308 2937 336 3000 7.
358 2945 399 3007 (v.
422 2938 485 3008 9.):
513 2931 659 3009 „Melior
682 2949 732 2998 est
754 2941 884 3020 petiens
903 2961 947 3001 err

89 3041 158 3097 te“.
182 3034 275 3099 Unde
290 3056 347 3098 nos
370 3057 493 3124 quoque
509 3034 757 3115 edeuefseiemus
780 3041 904 3106 animos
919 3061 947 3102 nt

89 3150 125 3201 ιιι
145 3136 240 3203 simus
260 3139 421 3221 patientes,
442 3152 472 3201 et
492 3160 729 3222 perseveremus
753 3141 801 3208 in
816 3144 916 3207 officio
936 3143 947 3204 i

90 3240 142 3316 do,
163 3239 351 3321 incrependo
362 3240 434 3308 vitie
448 3254 478 3307 et
491 3242 660 3307 exercendo
677 3243 792 3309 verbo.
817 3243 907 3307 Tune
922 3269 947 3307 st

88 3341 186 3405 vieini
206 3353 236 3403 et
249 3341 381 3418 inimici,
403 3356 432 3407 et
452 3345 530 3409 odor
541 3343 660 3407 Christi
679 3347 786 3409 veniet
803 3346 842 3408 ed
860 3367 922 3421 eos,
942 3370 947 3406 ι

90 3444 122 3500 et
141 3441 242 3523 rspiet
263 3461 331 3517 eos,
351 3459 387 3507 ut
408 3447 459 3509 hio
479 3447 661 3512 Abimeleoh
684 3473 743 3512 sua
765 3464 882 3534 sponte
902 3470 947 3511 ves

89 3538 125 3607 fit
144 3555 265 3608 sanetus
285 3568 356 3624 rex,
384 3548 465 3614 sieut
485 3564 514 3613 et
534 3563 623 3635 peter
650 3551 774 3636 ipsius,
807 3554 885 3616 lieet
911 3575 947 3617 no
