2182 4050
469 197 647 283 genesis·
864 230 867 235 ·
969 210 1032 277 2⁰9

81 343 246 427 peculisi-is
267 356 335 419 est,
364 358 460 429 qnem
479 347 636 412 Abrsbem
663 358 762 441 ιιιιοιι
782 338 865 435 Ego
887 354 1030 421 occidens

80 442 170 509 tum
193 448 302 512 habeo
323 470 396 511 enm
417 450 578 515 visentem.
614 450 659 513 Et
677 448 775 512 tneo:
802 452 953 519 Moriens
964 478 1029 523 non

80 550 206 627 notior,
226 565 392 638 utensque
413 552 558 639 jugules,
579 565 610 613 et
630 552 663 613 in
684 551 803 614 cineres
822 578 873 621 me
893 560 1028 647 rediges.

80 650 159 715 Fiem
182 655 318 737 quidem
340 654 432 729 cinis3
453 653 653 720 nihilominus
674 665 777 715 temen
793 656 905 738 rivom,
926 676 956 727 et
974 687 1029 751 ge·
1060 664 1065 675 “

80 758 186 820 nerebo
210 758 481 845 haeredaremur
503 758 590 821 orbis
610 768 771 819 terrerum.

146 886 254 957 Recte
278 914 354 959 sero
382 904 474 956 entes
503 888 619 957 dictum
641 904 705 955 este
736 888 815 969 „llli
844 892 906 961 sinc
933 898 1028 965 simui

82 996 286 1081 pergebant‘t
331 994 413 1057 Nem
440 997 474 1058 in
495 1011 562 1060 toto
577 996 703 1082 ..mondo
732 998 881 1083 cogitatio
910 1001 966 1063 iste
986 1004 1026 1074 de

79 1110 168 1159 torte
189 1120 262 1160 non
283 1094 364 1175 fuit,
383 1114 599 1185 praeterquam
620 1098 656 1160 in
675 1098 743 1161 istie
761 1101 893 1165 duobus.
935 1104 1028 1189 lugu·

79 1197 178 1261 lendes
200 1200 379 1284 cogitavit:
401 1201 435 1263 Ιιι
457 1224 567 1263 monus
587 1212 655 1264 tuos
676 1203 860 1265 commendo
881 1204 1028 1287 spiritum

78 1322 178 1365 sensu.
200 1302 285 1368 Non
308 1302 435 1375 morior,
456 1304 509 1365 sed
527 1302 636 1379 visens,
657 1317 689 1367 et
707 1305 828 1383 redibo,
850 1308 922 1392 quie
942 1310 1027 1373 Dens

78 1426 128 1469 eoo
148 1408 341 1471 mentietur.
362 1402 465 1466 Filius
481 1406 698 1487 promissionis
719 1428 804 1469 snm:
826 1431 951 1473 necesse
970 1410 1027 1498 igi·

77 1517 195 1583 terent,
220 1518 263 1569 ιιι
282 1528 429 1592 generem
450 1507 579 1585 liberos,
601 1507 651 1571 vel
672 1507 698 1569 si
719 1508 841 1572 coelum
862 1522 941 1571 ruet.
972 1509 1028 1573 vi·

77 1608 124 1685 ie,
145 1630 188 1671 en
211 1629 286 1671 nors
309 1610 350 1672 sit
370 1610 430 1677 boc
450 1611 529 1673 mori
551 1624 633 1673 certo
654 1626 771 1685 morte,
793 1623 822 1671 et
842 1623 944 1672 temen
964 1630 1029 1675 cer·

77 1712 145 1775 tiore
165 1712 231 1775 sito
257 1712 390 1775 vivere?
411 1712 492 1777 Hinc
504 1712 678 1795 Prophetae
698 1714 732 1775 in
754 1714 907 1796 scripture
924 1726 1028 1779 eeooto

77 1816 182 1901 prosim
204 1815 399 1900 praedicent
417 1817 671 1877 resurrectionem
687 1827 892 1877 mortuorum.
913 1814 957 1879 Et
976 1813 1027 1879 hio

80 1920 163 1985 loces
179 1914 353 1981 manifesse
374 1918 508 1980 ostendit
521 1916 778 1979 resurrectionem
789 1916 883 1978 etiem·
900 1917 933 1979 in
948 1920 1028 1982 hono

82 2022 166 2084 sitem
185 2020 412 2103 corporalem,
434 2032 550 2103 quanto
573 2020 672 2105 magis
692 2020 725 2081 in
745 2018 907 2081 futurem?

151 2154 290 2217 Manent
310 2167 411 2217 eutem
441 2153 516 2215 baec
537 2151 641 2214 omnis
658 2170 698 2214 ex
724 2154 828 2235 prim
848 2166 1026 2237 praecepto.

75 2258 120 2319 lbi
148 2258 237 2319 enim
259 2267 307 2317 est
327 2256 465 2319 doctrine
485 2254 557 2316 fidei
583 2266 613 2315 et
633 2258 869 2319 resurrectionis
890 2271 1029 2320 mortno-

75 2382 153 2423 rum.
196 2360 303 2445 Ego,-
317 2373 439 2423 erector
459 2357 655 2437 omnipotens
677 2358 757 2420 coeli
779 2373 810 2421 ct
829 2372 939 2433 terroe,
959 2379 1029 2421 enm

77 2462 161 2527 Deus
182 2477 278 2539 tuus,
299 2464 331 2525 id
353 2478 417 2542 est,
438 2478 471 2525 tu
493 2460 587 2526 debes
608 2460 710 2522 vivere
731 2461 864 2535 ecrite,
886 2480 950 2542 qne
968 2480 1029 2545 ego

79 2568 158 2629 siro.
180 2566 217 2629 Si
239 2590 309 2630 cum
331 2567 433 2629 bobus
454 2566 635 2651 loqueretur
654 2561 739 2636 hece,
760 2564 793 2623 in
809 2573 964 2625 oeternum
986 2564 1029 2625 vi·

82 2682 193 2732 serent
217 2662 321 2733 Nobis
342 2681 462 2741 entem,
477 2656 591 2754 'nobiess
611 2658 757 2747 inquom,
778 2663 852 2725 hoec
873 2656 1028 2726 dicuntur.

85 2770 155 2837 Non
185 2773 285 2837 illude
321 2773 371 2833 Τιι
400 2766 494 2833 debes
524 2769 688 2859 comedere¹
713 2766 851 2854 poleam,
880 2766 1028 2845 triticum,

88 2896 231 2963 gromen,
252 2868 324 2938 sede
346 2894 414 2974 ιιιιιι
435 2869 521 2937 Deus
542 2887 624 2935 tuoe.

160 2994 269 3061 Porro
283 2996 390 3061 Deum
410 3020 475 3061 esse
504 3010 550 3061 cst
579 2995 711 3059 liberere
742 2990 780 3057 ab
801 2982 947 3055 omnibns
967 3010 1029 3055 me·

93 3100 139 3173 tis,
159 3121 241 3186 quse
262 3112 504 3182 respuerunt,
533 3112 568 3161 nt
590 3110 662 3160 sunt
680 3102 860 3181 peccatum,
880 3090 1028 3173 infernus,

96 3223 179 3279 nors,
201 3216 259 3267 etc.
302 3196 356 3273 Sic
374 3202 456 3265 enim
478 3200 650 3286 Prophetee
671 3199 870 3282 inspexerunt
889 3209 919 3259 et
937 3198 1030 3260 inter·

97 3303 194 3385 preteti
214 3315 289 3369 eunt
309 3300 385 3367 hece
406 3304 508 3367 verbe
551 3300 693 3365 Gentiles
713 3312 834 3363 tentum
844 3298 944 3361 Deum
966 3318 1030 3362 orca

101 3418 187 3468 entem
209 3418 337 3469 norunt
359 3404 452 3469 Sed
441 3428 476 3465 ιιι
496 3404 597 3487 primo
611 3416 778 3488 praecepto
793 3401 928 3464 invenies
941 3398 1030 3466 cort-

101 3520 175 3587 mn,
197 3509 304 3599 sitam,
324 3506 483 3571 victoriam
505 3504 612 3583 mortis
633 3516 664 3566 et
679 3498 934 3568 resurrectionem
947 3524 1030 3569 mor·

100 3618 209 3675 trorum
239 3602 274 3673 in
295 3608 389 3673 sitem
408 3620 579 3683 setes-nem,
605 3616 706 3710 totum
734 3596 869 3691 deniqne
893 3619 978 3672 vetos
998 3616 1030 3709 ιι

128 3716 236 3805 tutoni
253 3718 307 3791 op.
327 3728 427 3791 exeget-
446 3710 543 3769 solu?
674 3700 713 3775 ¹4
