2182 4050
214 244 221 256 ι
419 167 601 255 gumerio.
623 144 627 164 ¹
796 128 802 135 ι
930 175 993 260 Μ
1026 186 1032 211 ‘-

42 330 206 382 momento
227 318 326 383 editor
347 338 424 381 aare
446 319 592 383 marnoa
611 318 709 403 igitur
723 316 800 385 baar
820 334 904 394 root,
923 322 992 407 qui-

42 421 103 482 hoe
124 422 203 485 nihil
224 419 324 483 eimile
343 419 377 483 iu
397 420 471 484 ullir
492 421 633 486 hietoriir
652 431 758 485 exoial.
799 421 997 508 simplior«,

43 527 128 586 enim
148 538 179 587 et
194 545 264 587 vere
284 512 425 588 divinum
445 543 526 607 opor
546 534 608 598 ert,
628 521 719 607 quod
737 522 824 597 Deua
844 525 898 591 ti·
917 549 992 612 ope·

43 639 146 700 retur;
175 626 311 711 ideoque
330 625 439 689 Moror
463 638 530 690 tam
550 636 711 695 aerumma
738 624 836 689 arrio
856 626 990 714 derorip-

43 727 211 790 tionibua
200 728 282 803 retia,
299 740 336 791 ut
355 728 524 815 diligenter
544 724 685 810 ringulro
704 745 753 789 rea
771 739 877 816 guttae
891 733 992 837 notari

44 830 178 913 poaaint,
200 843 230 892 et
249 843 286 894 ut
304 832 452 897 exuitetur
472 832 572 895 laetor
586 828 628 894 ed
639 827 896 899 oooaiderrndem
906 857 990 924 meg·

12 958 15 967 ¹
46 933 221 996 mitudinem
242 932 353 1001 horum
372 959 488 1001 rerum

128 1035 189 1099 Hio
208 1037 291 1100 enim
311 1035 535 1101 aanmmmtar
554 1030 754 1096 {nodamenta
769 1026 865 1099 totino
879 980 992 1104 doetri-

11 1142 15 1176 Ξ
45 1159 106 1199 nae
128 1136 328 1202 Christianae.
370 1141 414 1204 Et
433 1140 501 1203 vult
520 1136 607 1202 oeu-
631 1153 689 1216 per
710 1132 823 1198 horum
843 1139 993 1223 gemello·

44 1261 118 1301 rum
139 1241 328 1305 nativitatem
348 1243 558 1327 prarjudieere
573 1238 637 1304 toli
659 1238 797 1315 mundo,
817 1236 881 1306 ir'no
903 1266 991 1328 praa·

45 1341 154 1406 venire
174 1357 204 1406 et
224 1345 404 1427 opprimere
423 1366 534 1408 omnea
553 1339 686 1425 jurtitire
706 1341 827 1419 oarnir3
850 1345 917 1409 ruit
939 1347 993 1410 do·

45 1467 136 1522 cere,
169 1448 324 1530 perditam
351 1468 419 1511 erae
444 1459 475 1511 et
500 1447 628 1509 inanem
655 1465 782 1507 omuem
810 1445 993 1532 sapientiam

46 1549 148 1609 carnia
170 1559 199 1610 et
218 1548 502 1632 praeeminentiam,
521 1567 579 1630 per
597 1544 780 1620 loannem,
800 1550 889 1631 quod
903 1550 992 1617 dixin
1013 1614 1016 1619 ,

45 1651 186 1733 „Major
206 1652 316 1715 serviet
335 1650 486 1714 minori“.
525 1647 602 1711 Non
629 1645 728 1733 igitur
757 1649 926 1733 disputatio
947 1665 994 1731 ert

47 1753 89 1814 de
109 1753 214 1840 regaie
236 1766 265 1817 et
285 1754 422 1839 imperiie
452 1751 579 1826 mundi,
607 1749 707 1811 multo
733 1749 846 1815 minna·
863 1753 901 1817 du
923 1754 995 1821 lana

47 1855 190 1937 caprino,
210 1868 263 1919 eut
282 1855 418 1919 rnilitmr
439 1853 563 1919 fabalia.
585 1851 647 1917 sed
667 1853 743 1915 haeo
763 1853 856 1917 verba
876 1855 993 1933 iaciunt

45 1955 249 2018 fundamenta
270 1970 391 2019 noetraa
411 1955 586 2030 doetrinae,
607 1967 638 2019 et
657 1967 803 2040 potenter
824 1978 861 2024 ea
881 1958 993 2027 oonlir·

47 2071 148 2132 nuant,
168 2059 321 2134 videlicet,
341 2060 425 2144 quod
445 2079 517 2122 uero
538 2076 643 2121 eornm
664 2056 734 2122 Deo
753 2071 801 2121 eet
821 2073 942 2125 mortue
964 2075 994 2125 et

50 2163 216 2236 damnata,
241 2163 369 2249 spiritur
388 2175 491 2227 autem
511 2154 697 2221 vivificetur:
728 2173 760 2223 et
779 2161 996 2229 eubiudicatur

47 2276 215 2345 peecatum
237 2278 267 2327 et
286 2264 445 2349 corruptio
467 2259 648 2343 originalia,
674 2279 715 2322 no
744 2261 816 2344 quia
836 2263 870 2325 in
891 2285 994 2344 earne,

50 2365 107 2426 aed
126 2364 161 2426 in
181 2364 319 2427 Domino
340 2380 371 2429 et
391 2360 653 2449 promistionibur
674 2361 743 2444 ejus
763 2361 908 2429 eoniidat.
1006 2372 1019 2390 “

133 2465 166 2528 ld
188 2488 253 2529 oon
273 2479 375 2549 puteat
395 2465 469 2529 eatia
490 2464 555 2528 diei
579 2475 610 2527 et
629 2462 798 2529 inculcarit
828 2469 902 2552 quia
923 2480 997 2531 eunt

52 2567 203 2630 altieeima
221 2568 278 2632 illa
297 2569 413 2651 judicia
427 2569 549 2642 Dei-et
568 2566 637 2630 viee
651 2564 712 2628 nei
730 2565 996 2653 impervestigabi-

54 2669 108 2730 lea.
127 2668 202 2732 Non
222 2672 338 2755 loquor
358 2672 396 2735 de
418 2667 614 2755 judieiiaDui
635 2690 654 2728 a
673 2668 784 2752 priori,
805 2692 885 2755 quae
906 2671 997 2734 habet
1080 2699 1084 2711 ¹

54 2772 139 2854 apud
166 2795 199 2836 ea
217 2775 258 2836 'in
286 2774 402 2837 intimis
430 2785 461 2836 et
479 2769 597 2836 urania
624 2768 762 2833 oonsiliir
791 2771 873 2833 auia:
901 2792 997 2859 quaro

53 2879 98 2938 eiu
115 2877 164 2939 vel
176 2877 265 2941 aliter
274 2876 435 2951 oouaultet‚
455 2889 536 2961 egat,
555 2885 653 2957 regat,
673 2872 779 2948 ealret,
799 2874 908 2956 perdat
922 2888 997 2952 etue

54 2974 110 3039 aed
124 2978 162 3040 de
178 2991 315 3055 rotante,
335 2977 492 3063 loquente,
513 2973 721 3042 manifestante
743 2996 776 3039 re
790 2998 808 3039 a
822 2978 997 3061 posteriori.

55 3078 330 3162 Quemadmodum
357 3083 397 3145 ad
424 3081 537 3145 Moron
567 3079 661 3143 dioilt
695 3079 900 3156 „Posteriora
928 3105 999 3146 mea

54 3179 201 3242 videbia“
222 3183 336 3257 (Erod.
357 3185 408 3260 33,
429 3187 504 3256 93).
530 3180 615 3245 Nem
635 3179 687 3243 hin
708 3181 833 3263 quidam
855 3184 997 3248 ridemur

55 3280 132 3342 talea
153 3283 214 3347 viae
235 3298 266 3347 et
285 3283 357 3348 talia
368 3283 492 3368 judioia,
513 3305 592 3369 quae
611 3303 675 3345 ooo
688 3283 773 3364 oepit
791 3283 897 3362 homo,
919 3286 998 3350 uiuat

56 3381 187 3459 dieitur,
218 3384 379 3457 lCor.2.
410 3394 456 3464 (v.
480 3388 562 3459 14·)=
593 3383 780 3463 „Naturalia
808 3385 905 3450 homo
933 3409 999 3451 nou

56 3484 191 3567 percipit
212 3506 256 3562 er,
277 3508 354 3572 quar
374 3501 447 3551 eunt
462 3486 594 3572 Spiritui
611 3486 685 3566 Dei3
707 3487 834 3551 stultitia
849 3488 932 3551 enim
953 3504 999 3553 eet

57 3584 126 3659 illi,
154 3598 185 3648 et
206 3609 269 3651 nou
288 3605 389 3675 puteat
409 3593 586 3679 intelligere
595 3597 634 3667 ‘⁸3
661 3590 705 3653 ita
730 3603 765 3653 ut
785 3590 879 3654 etiem
899 3595 1000 3657 eructi

611 3695 686 3769 tt·
