2182 4050
31 234 34 239 -
129 168 190 269 166
308 176 934 280 Vigesimnm'primnmoapnt·

129 345 396 439 gubernationem,
418 366 498 430 qnae
517 344 640 408 bomini
658 298 932 427 impossibiliseit
954 356 1082 426 propter

128 451 326 539 ignorantiae
351 461 535 532 pennatum,
563 449 620 511 aed
639 450 821 531 partialem,
837 460 884 522 et
904 448 1010 509 Deum
1030 469 1081 535 ag·

129 566 238 619 noaon
256 550 424 615 universali
444 548 669 635 gubernationi
688 571 842 632 praeesse.
872 548 902 609 la
924 548 1008 610 enim
1028 560 1080 623 est,

129 656 185 741 qui
204 655 298 719 habet
315 653 518 717 universalem
534 651 673 726 nonium,
695 663 727 713 et
746 652 888 715 intuetur
909 649 1028 725 omnia,
1048 670 1080 717 ea

130 759 371 846 nihil'ignorat3
393 756 448 818 sed
467 754 668 839 magistratus
684 748 978 843 uteunqne'bonus
992 754 1080 819 habet

130 874 248 925 tantm
268 859 432 945 partialem
454 857 591 920 oculum.
653 926 660 937 1

209 980 415 1065 Adjuvaudns
434 978 534 1063 igitur
554 992 611 1055 est,
631 992 662 1041 et
683 982 812 1066 wando
835 980 964 1065 aliquid
981 982 1082 1065 publi·¹

132 1104 168 1149 ce
186 1094 351 1165 pensatur,
378 1101 564 1145 oonourrers
593 1102 702 1148 omnes
730 1083 846 1147 debent
872 1095 1019 1166 tanquam
1036 1086 1073 1161 ad

132 1190 296 1247 oonimnue
327 1183 509 1245 incendium
537 1182 804 1266 restinguendum.
849 1185 978 1247 Debent
992 1188 1074 1249 -enim

132 1286 252 1372 singuli
270 1307 331 1371 pro
353 1305 410 1348 suo
432 1276 528 1349 modo
551 1285 700 1368 adjurare
719 1287 973 1383 rempublicam.)

212 1422 265 1505 Sin
288 1420 435 1486 describit
456 1430 578 1484 sanatos
599 1419 735 1502 Spiritus
764 1435 891 1484 sanatus
913 1424 948 1483 in
968 1420 1073 1505 praedi

133 1512 276 1591 nomento
297 1525 428 1589 aetionis
449 1539 479 1588 et
498 1522 671 1607 passionis,
701 1523 791 1604 quod
812 1525 914 1587 snouti
936 1524 997 1587 sint
1015 1523 1075 1587 oiri·

133 1629 196 1692 lem
217 1629 379 1690 hominum
400 1629 663 1699 consuetudinem,
686 1625 853 1689 deferendo
875 1628 1073 1711 juramento!

134 1729 336 1819 magistratui,
358 1727 608 1819 et'implorando
622 1728 737 1793 anxilio
759 1730 837 1813 ejus,
859 1752 899 1794 ae
919 1732 1003 1815 passi
1020 1753 1072 1795 non

135 1833 238 1894 solnm
257 1833 390 1912 injurias
410 1832 552 1907 aliorum,
574 1833 630 1895 soal
644 1833 748 1908 etiam,
768 1845 803 1895 nt
824 1831 868 1895 sio
890 1833 1004 1909 dinam:
1020 1834 1071 1897 onl-

135 1944 245 2019 panes
263 1934 456 2017 ignorantias
478 1956 567 2011 suaa,
598 1957 639 1998 ne
668 1935 786 1997 soilioet
814 1936 936 1997 deesset
965 1938 1071 1999 onosaio

136 2037 263 2101 orandi:
286 2034 499 2101 Sanctificetur
514 2059 629 2102 nomen
645 2051 744 2100 tuum.
767 2036 797 2099 Ο
813 2039 915 2114 Deus,
935 2060 992 2125 our
1003 2040 1069 2103 enin

136 2161 187 2202 me
204 2137 277 2203 fanis
288 2138 519 2221 magistratum,
541 2162 597 2202 our
613 2141 886 2217 concionatorem
908 2164 980 2203 oum
996 2144 1065 2221 seina,

135 2264 186 2307 me
205 2240 379 2305 satisfacere
399 2262 464 2304 non
485 2264 579 2326 posse
599 2245 749 2308 voluntati
767 2246 863 2308 tuae?
886 2246 950 2309 Sed
960 2248 1026 2309 adea
1039 2258 1069 2311 tn

136 2344 280 2430 adjutor,
306 2343 416 2405 adsunt
437 2346 530 2407 etiam
550 2346 665 2430 Angeli
684 2347 747 2425 tui3
777 2361 812 2409 tu
833 2359 938 2411 antem
959 2348 1005 2413 vis
1021 2350 1071 2413 lano

136 2447 230 2511 modo
243 2445 421 2529 superbam
441 2438 542 2510 meam
563 2450 710 2513 cervicem
733 2451 916 2527 humiliare,
945 2472 987 2513 ne
1005 2452 1071 2515 anili-

138 2563 185 2614 oet
204 2572 253 2613 me
274 2549 331 2611 tibi
351 2570 492 2634 aequem,
515 2550 570 2637 qui
590 2574 622 2614 ea
642 2554 755 2637 justus,
777 2566 808 2616 et
822 2554 930 2617 omnin
950 2556 1006 2637 sois
1024 2570 1076 2619 ato.¹

217 2695 373 2759 Notabilis
394 2699 445 2770 hio
465 2698 554 2760 locus
575 2712 621 2763 sat
641 2700 680 2763 de
699 2693 903 2784 implorandis
927 2700 1074 2786 magistra·

137 2807 173 2860 tu
199 2802 228 2858 et
256 2797 421 2863 indicanda
448 2802 571 2885 rapina:
611 2826 790 2887 quanquam
829 2804 892 2866 boo
930 2807 1074 2888 posterius

75 2905 77 2908 ’
137 2899 232 2984 pauci
251 2914 414 2983 praestant.
434 2904 535 2967 Nemo
557 2906 638 2968 enim
660 2906 727 2969 vult
747 2904 851 2968 subire
871 2907 1021 2969 invidiam
1038 2908 1074 2971 vi*

138 3003 298 3079 ainornm,
320 3005 491 3081 nobilium,
512 3020 690 3088 potentum3
713 3011 767 3071 ssd
789 3011 990 3075 statuendum
1008 3024 1073 3091 nst,

138 3105 199 3168 boo
220 3120 327 3168 nostro
349 3107 450 3169 offioio
470 3110 560 3171 valde
580 3112 723 3197 indigere
745 3114 982 3198 magistratum,
1008 3114 1071 3177 stis

137 3208 196 3292 qni
217 3232 307 3271 suum
333 3212 464 3275 officium
485 3211 584 3276 facere
614 3234 679 3276 non
701 3204 814 3297 potest.
859 3215 983 3301 Quodsi
1000 3215 1069 3287 incli-

139 3308 214 3371 oasti
233 3308 388 3392 injuriam,
410 3334 467 3376 neo
487 3328 588 3379 tamen
609 3340 626 3380 a
646 3318 839 3413 magistratu!
851 3312 1068 3401 aaljuvarisdt·⁵

39 3418 42 3423 '
126 3434 190 3475 ¹ras
209 3410 449 3489 incommodum,
471 3430 500 3480 et
521 3420 609 3496 scias,
630 3433 661 3491 te
682 3424 749 3486 aine
771 3424 867 3507 eulpa
887 3445 966 3498 esse,
985 3418 1062 3487 nole-

139 3513 227 3590 nisae,
248 3516 332 3599 quod
354 3518 497 3584 debebas.
539 3520 615 3585 Non
635 3536 737 3590 antem
767 3527 889 3591 carebit
908 3548 1006 3615 poene
1022 3547 1063 3589 ant

130 3617 304 3710 negligens
324 3623 535 3711 magistratus.
