2182 4050
285 252 290 263 Ι
444 140 698 262 genesii.
736 220 882 253 ,
961 162 1022 252 ’ω

76 327 208 395 lilium
227 330 349 407 illum
368 325 675 405 DominusDeue
690 261 815 404 ooeli,
835 323 903 408 qui
923 325 1023 434 tulit
1082 354 1086 367 ι

76 455 130 496 me
152 435 201 498 de
222 434 340 499 domo
361 431 492 517 petris
513 427 590 492 mei
611 439 647 491 et
668 427 713 499 de
734 438 861 491 tersa
868 416 1023 499 ntiativt

75 539 171 600 tatis
192 558 313 613 meae,
333 550 370 600 et
392 560 459 619 qui
449 536 674 616 loquutus
694 541 756 605 est
775 530 833 595 sd.
841 551 921 607 me,
936 532 1024 614 qui,
1079 526 1081 530 ⁴

76 663 150 727 que
173 638 329 725 juravit
349 628 448 701 mihi
469 637 623 699 dioensa
655 631 809 696 Semini
825 644 898 719 tao
920 633 1023 698 daho

76 752 223 806 terram
251 740 370 818 hano,
408 740 496 824 ipse
522 723 664 801 mittet
683 726 917 818 Angelum
910 716 1023 801 suuni

116 857 212 911 aute
240 855 295 922 te,
326 856 365 908 et
384 839 563 928 aooipiee
580 822 689 903 idda
709 859 871 906 uxorem
889 812 1030 946 filio

503 965 597 1011 meo.

156 1042 421 1134 Describuntui·
408 1083 467 1134 asts
487 1071 592 1134 omnia
617 1090 681 1133 non
706 1079 842 1162 proptiae
856 1064 1026 1147 Abrabam,

85 1168 160 1234 leaeo
181 1183 212 1233 et
232 1193 373 1247 servum,
401 1173 456 1234 aed
475 1186 607 1257 propter
621 1195 685 1237 ‚noe
706 1187 736 1236 et
756 1194 863 1237 omnes
883 1172 1025 1236 homiues

86 1295 177 1361 mque
198 1271 353 1337 adfinem
374 1277 493 1338 mundi.
513 1275 626 1341 Voluit
645 1277 728 1341 enim'
739 1272 825 1340 Deus
843 1290 1029 1363 proponere

86 1372 150 1438 fidei
177 1378 353 1460 exemplum
376 1378 495 1443 illustre
520 1380 553 1441 iu
573 1381 771 1460 turstano,
802 1406 881 1471 quae
908 1382 942 1448 iu
962 1396 1031 1458 tota⁸

85 1476 143 1540 sita
162 1478 267 1562 ipsius·
282 1479 367 1546 lueet
386 1495 416 1545 et
435 1497 554 1572 regnet.
583 1484 682 1549 Totus
703 1484 785 1552 enim
807 1488 881 1551 vivit
903 1501 933 1553 et
951 1511 1027 1573 pen·

84 1579 133 1644 det
160 1603 197 1644 ex
223 1582 318 1645 verbo
345 1587 553 1670 promittentis
581 1588 658 1667 Dei,
688 1600 719 1653 et
746 1589 787 1653 ed
811 1588 1028 1654 illud'omnie

79 1684 209 1746 consilia
230 1697 261 1747 et
280 1685 421 1756 actiones
442 1709 551 1752 omues
572 1690 692 1782 dirigit,
712 1714 777 1758 nou
798 1714 855 1760 sus
875 1693 1028 1782 sapientis

77 1800 132 1851 eut
152 1788 319 1874 prudentis
339 1790 472 1856 rationis
493 1790 633 1858 oonfidit.
700 1870 703 1875 ι

159 1923 283 1992 Deinde
303 1940 384 2012 qu'ae
410 1929 501 1993 officii
520 1930 618 2015 ipsius
638 1940 728 2007 suut,
758 1927 927 2014 diligenter
945 1928 1029 1996 exsti·

76 2029 206 2113 quitus-3
228 2051 295 2093 non
316 2032 433 2095 otiosus
454 2044 605 2121 exspectat
626 2033 801 2118 Angelum,
822 2033 879 2119 qai
898 2033 938 2101 dt
957 2030 1031 2099 eos·

76 2131 111 2195 lo
133 2133 281 2217 delapsus
302 2146 449 2217 sponsam
469 2130 536 2197 filio
558 2135 707 2212 adduo'at,
735 2154 838 2217 neque
859 2138 1030 2224 quiequam

77 2258 193 2300 eorum
214 2236 338 2313 omittit,
360 2257 438 2320 quse
457 2237 500 2300 sd
519 2258 629 2316 euram
637 2249 800 2318 paternam
820 2252 970 2322 spectent,
989 2223 1046 2307 ιη’

77 2339 225 2401 videatur
245 2338 498 2403 tentareDeum.
537 2337 721 2421 Requiritur
742 2359 818 2423 ergo
839 2341 981 2413 studium
999 2355 1032 2409 et

81 2439 264 2503 sollicitudo
291 2455 472 2524 parentum,
500 2466 561 2531 que
581 2441 689 2505 liberis
711 2441 901 2505 dehoneste
923 2455 954 2507 et
973 2445 1032 2530 pio
1063 2453 1068 2467 ¹

81 2542 235 2630 conjugio
256 2544 458 2630 prospiciant,
484 2556 634 2628 quaeram
655 2556 684 2605 ot
704 2542 844 2606 ambiant
864 2565 1031 2629 sponsam:

81 2668 148 2709 non
170 2648 351 2724 existiment,
373 2669 448 2710 casu
467 2660 623 2712 aetuoso
644 2657 675 2710 et
693 2644 839 2709 inusitato
858 2648 1033 2714 mosonti-

83 2748 187 2814 ounde
209 2749 422 2815 obventurum.
962 2732 967 2747 ¹

162 2872 198 2937 N
199 2894 233 2936 ea
255 2887 299 2936 est
313 2885 486 2956 peceatum,
507 2871 534 2938 ei
548 2870 670 2960 juvenis
681 2885 734 2937 aut
744 2871 852 2957 puella'
864 2871 902 2938 de
916 2895 1052 2959 sponse·

85 2987 138 3040 sut
159 2996 277 3060 sponso
298 2974 403 3042 futuro
424 2977 554 3065 cogitet.
577 2976 662 3060 Quin
680 2975 740 3040 hoo
759 2974 821 3042 fine
842 2989 1035 3063 apparantur

85 3079 244 3156 convivia,
265 3101 450 3164 congressus
470 3079 592 3143 honesti
612 3091 642 3142 st
662 3074 807 3155 choreae,
834 3102 913 3163 quae
935 3079 1036 3144 neuti-

88 3204 182 3267 quam
215 3183 407 3249 damnandae
432 3172 521 3263 suut,
549 3181 578 3247 ai
602 3179 664 3245 siut
689 3181 879 3246 verecundae
909 3195 940 3247 et
968 3203 1035 3263 sutt-

86 3284 198 3350 destas.

100 3400 126 3457 st
165 3404 251 3490 Quia
271 3406 353 3470 enim
382 3426 489 3471 sumus
509 3403 625 3470 conditi
653 3427 723 3469 non
748 3406 788 3469 ad
808 3406 1037 3486 scortationem,
1058 3430 1079 3475 ,ι

87 3511 140 3573 sed
169 3511 210 3573 sd
233 3509 442 3593 'eonjugium
472 3531 538 3573 non
567 3510 663 3575 modo
691 3530 889 3587 eoncessum,
921 3511 976 3575 sed
1005 3523 1038 3576 et

88 3613 176 3701 pium
205 3623 236 3676 et
262 3611 427 3677 honestam
455 3600 502 3676 eit
530 3632 676 3697 quaerere
705 3625 735 3677 et
761 3625 908 3699 appetere
928 3614 1038 3701 eoniu-
