2182 4050
430 154 609 242 geucait.
929 158 995 223 ,155

12 319 18 357 ²·
47 327 118 366 mua
139 301 232 368 fidem
261 317 290 368 et
311 303 586 389 perseuerantiam,
613 321 653 363 aa
683 299 883 382 vacillemur,
914 288 1001 369 aare

14 432 19 465 z
48 405 229 470 deficiamus
248 428 265 468 a
285 406 512 490 promistioott,
536 405 592 469 aad
612 404 710 467 aimus
730 404 844 487 foetet,
865 423 896 474 et
915 432 997 497 pag.

46 529 160 570 nemus
192 519 298 571 contra
325 508 552 593 impatientiam
580 505 700 570 atteia
730 506 832 595 ignite
858 509 997 587 Diaboli,

48 607 104 691 qui
125 607 261 690 impellit
285 607 405 669 animoa
426 607 466 672 ad
486 605 664 683 fremitum,
690 618 721 669 et
748 608 789 670 ad
809 608 999 694 indignatio·
1079 604 1084 619 '

47 732 123 771 nem
153 711 301 773 adveraua
321 706 444 783 Deum,
470 719 505 771 ut
532 709 666 771 excutiat
694 704 788 773 fidem
813 725 843 775 et
862 708 1000 779 tolenu-

48 811 126 873 tiam
146 811 179 875 iu
200 807 351 895 advertite
367 805 585 891 Proponamua
606 808 700 873 nobie
720 814 896 897 exemplum
916 816 1000 881 leaeo

50 928 84 975 et
111 913 285 975 Rebeccae:
312 925 445 997 uterque
473 912 657 997 exspectavit
684 911 795 999 viginti
822 937 941 995 aanor,
968 930 1001 983 at

49 1016 177 1079 interim
192 1012 339 1077 viderunt
348 1010 525 1089 felicitatem
537 1025 566 1076 et
583 1013 804 1078 fecunditatem
820 1015 1001 1101 impiorum,

51 1117 108 1200 qui
131 1136 184 1177 eoa
204 1114 348 1191 riserunt,
367 1125 399 1177 ct
418 1114 567 1180 conuiciia
588 1118 802 1181 ioceaaeruntr
823 1116 892 1185 Cot·
909 1122 1002 1203 iatam

52 1219 160 1297 duxit,
187 1219 349 1298 dixerunt,
377 1217 506 1283 ambivit
525 1219 756 1304 peregrinum?
793 1220 862 1288 Gur
880 1245 945 1287 non
965 1247 1003 1287 ez

11 1402 16 1413 .
50 1322 171 1384 nustria
201 1320 339 1385 familiia.
352 1320 492 1404 puellam
528 1320 669 1402 aliquam
698 1321 859 1389 hoummm
879 1325 1001 1395 -duxitl'

50 1424 199 1487 Rebecca
224 1436 270 1488 eat
288 1422 409 1507 perdita
436 1434 467 1485 et
494 1423 656 1504 repudiata
676 1445 696 1486 a
715 1424 795 1487 Deo.
836 1427 1004 1511 Ejuamcdi

53 1526 261 1588 contumeliae
279 1525 365 1588 baud
385 1522 478 1589 dubie
499 1523 616 1587 audivit
636 1545 699 1587 nou
720 1523 787 1589 aine
807 1550 920 1613 magno
940 1533 1004 1595 ani·
1063 1528 1066 1535 ’

54 1629 101 1693 mi
123 1628 233 1692 dolore
254 1641 284 1691 et
303 1627 454 1712 lacrymit.
492 1624 580 1699 Sicut
600 1624 675 1688 Sara
696 1631 1004 1710 aupractarilit'atacr

55 1756 145 1796 suam
168 1718 359 1814 deploravit,
384 1745 416 1795 el
435 1730 549 1813 Rauca
580 1726 710 1814 lRegg·
734 1733 760 1795 l·
801 1724 855 1803 Ob
875 1734 1007 1799 eandm

55 1857 185 1898 caucam
206 1830 425 1899 miserabiliter
443 1834 561 1919 lugete
578 1844 608 1895 et
623 1844 738 1897 -tameo
759 1830 838 1895 uicit
857 1834 1004 1917 patientia

58 1955 92 2003 et
113 1938 228 2002 robore
249 1934 331 2001 fidei·
583 1998 589 2005 .
618 1986 643 2001 ..
834 1978 837 1985 ·
962 1996 965 2001 .

139 2042 214 2105 lstaa
235 2039 361 2107 virtuter
382 2035 530 2100 debemur
549 2032 740 2120 praedicare,
761 2047 792 2099 et
811 2035 845 2101 io
867 2037 1004 2105 biatcriia

58 2145 191 2207 Petrum
212 2141 376 2225 diligenter
401 2138 559 2223 adspicere
586 2138 727 2223 exempla
754 2139 812 2203 illa
832 2140 1006 2224 patientiae.

59 2244 251 2308 Difficillime
281 2239 365 2305 euim
393 2239 468 2303 haec
489 2262 597 2327 pugna
618 2255 674 2305 eat
701 2255 810 2307 contra
829 2242 1013 2325 promiueiu·¹

9 2410 17 2427 Ι
63 2369 136 2408 nem
155 2345 308 2419 divinam,
340 2363 402 2426 qua
430 2339 713 2421 vincomalum,
741 2346 946 2410 murmuratio
972 2352 1009 2411 'et

9 2436 17 2529 j
63 2448 254 2532 impatientia
285 2459 394 2510 contra
422 2443 603 2517 dilationem
625 2445 699 2509 nai.
738 2446 809 2511 Hoc
834 2447 928 2523 enim.
946 2447 1010 2513 Dei

13 2536 18 2637 J
62 2551 228 2634 proprium
257 2560 321 2626 est,
350 2560 380 2613 et
405 2545 577 2611 rectistime
604 2547 781 2639 appelletur
806 2561 1014 2632 exapectttuu,.

9 2644 15 2705 ἶ
63 2672 123 2713 raca
148 2673 221 2714 vero
249 2661 467 2732 exspectantur.
509 2647 577 2713 Hac
605 2647 830 2733 appellatione·
854 2652 1022 2735 perpetuo*

9 2821 12 2841 Ε
61 2753 163 2813 oculis
190 2766 221 2815 ct
250 2750 362 2814 animia
393 2748 508 2813 noatria
536 2749 756 2827 obvertuntur,
786 2763 821 2817 ut
835 2772 838 2779 ’
853 2752 1010 2823 diacum

60 2854 206 2942 frangere
227 2854 347 2938 primoa
361 2865 476 2929 motua,
496 2872 535 2914 ue
550 2853 654 2916 atatim
671 2850 849 2934 iremamua,
869 2854 897 2919 ei
909 2878 1011 2921 uuum

60 2971 117 3020 aut
137 2959 269 3021 alterum
290 2969 343 3022 aut
362 2956 470 3041 plurea
490 2978 588 3019 aanor
600 2955 714 3021 delicat
730 2970 869 3021 actuum
888 2978 1010 3043 exapeo·
1078 2972 1081 2977 '

58 3059 225 3123 tationem.
260 3060 323 3125 Sed
343 3057 586 3136 meminerimua,
605 3060 781 3125 amandum
800 3080 876 3136 ctae,
896 3072 928 3123 at
949 3060 1010 3124 ior·
1071 3074 1074 3080 ·

60 3161 136 3225 titar
155 3160 308 3225 vincenda
335 3159 459 3237 omnia,
491 3181 573 3243 quae
592 3172 710 3223 tentam
729 3171 866 3224 corbam
892 3164 1011 3247 patien-

58 3264 162 3339 tiam,
188 3262 268 3325 sicut
289 3261 430 3325 Rebecca
457 3261 588 3325 aliarum
615 3262 786 3325 mulierum
816 3275 846 3325 et
875 3262 1011 3331 familiae

58 3362 211 3451 propriae
234 3364 375 3429 convicia
395 3365 503 3431 didicit
523 3358 742 3439 contemnere,
764 3363 864 3429 donec
882 3367 1008 3435 taudem

60 3466 255 3550 expugnavit
274 3467 379 3531 Deum
399 3466 461 3530 auia
483 3478 513 3531 et
534 3467 635 3551 mariti
655 3466 809 3550 precibua.

145 3570 320 3632 Hebraeum
339 3569 469 3634 verbum
491 3574 574 3665 ³³2¹?
603 3557 747 3655 magiam
774 3566 937 3654 emphatic
957 3569 1010 3635 ba·
