2182 4050
348 242 352 255 .
461 196 651 285 panaria:
846 194 853 223 ·'
965 190 1024 261 lot

78 346 221 413 abiram
245 348 333 413 eirea
352 359 491 411 montem
509 330 767 433 Morija.'ltaqna
781 344 870 406 etiam
892 352 962 406 anta
982 341 1028 406 (li

78 452 181 512 arium
217 451 357 527 celebria
384 450 471 513 loona
500 438 559 515 soit
584 460 717 534 propter
744 444 803 507 Dei
823 446 962 522 oollam,
990 462 1027 509 ao

77 554 176 615 ranait
197 550 346 629 eelebrio
365 574 466 637 araque
485 554 526 616 ad
546 551 717 616 Christum.
747 546 828 609 Nam
849 558 923 629 port
943 546 1027 608 exhi-

77 656 165 719 rtrum
176 653 345 738 Spiritum
366 668 504 718 tanetum
521 653 714 738 evangelium
734 651 1028 737 indepropagatum

77 770 110 821 nt
127 757 163 819 in
185 768 297 819 totum
319 760 489 832 mundum,
518 776 577 819 neo
597 758 729 841 ampliut
756 756 805 817 rel
831 756 933 816 cultor
956 754 1027 831 nei,

77 862 119 925 rel
135 860 211 943 ipra
235 861 369 924 coeletia
389 858 535 922 oonelaaa
561 856 622 921 suit
642 859 676 922 in
697 857 788 920 illam
809 857 954 944 exiguam
975 878 1029 919 an·

77 964 179 1053 golam
202 976 311 1026 terrae
330 961 481 1023 lndaioae.
670 940 683 969 '¹

147 1066 310 1127 Libenter
328 1063 428 1149 igitur
446 1063 520 1125 illoa
533 1079 659 1145 aequor,
680 1057 736 1142 qui
752 1058 899 1143 Morijam
915 1060 1030 1126 dietam

77 1180 184 1253 potant
217 1167 259 1229 ab
293 1165 436 1227 Hebraeo
462 1163 579 1238 verbo,
608 1164 697 1245 quod
724 1160 881 1248 aigoilieot
909 1164 1031 1241 timere,

77 1271 189 1343 tolero,
212 1267 352 1330 revereri
373 1266 483 1341 Deum,
504 1287 539 1328 ao
561 1265 587 1329 ai
608 1266 695 1327 dieat
716 1262 901 1329 Germanice
911 1267 1032 1353 lleilig-

79 1358 143 1448 atat,
163 1372 262 1433 loeoa
283 1380 424 1445 moetus,
445 1368 556 1432 domna
577 1365 720 1442 Domini,
746 1368 844 1449 qnod=
854 1369 881 1429 ia
901 1370 991 1432 loona
1012 1390 1033 1433 a

78 1468 236 1561 principio
269 1470 379 1537 mundi
403 1470 556 1552 templum
584 1480 615 1529 at
643 1464 753 1528 ‹lomaa
775 1468 835 1531 Dei
861 1469 972 1548 suerit,
1001 1484 1033 1535 et

82 1578 178 1643 mltnr
209 1575 252 1637 ab
273 1575 344 1659 ipro
364 1571 483 1644 Adam,
504 1568 595 1645 Noe,
624 1583 657 1633 et
684 1570 839 1633 habitatur
867 1594 885 1634 a
911 1594 1033 1637 tommo

85 1692 164 1764 patre
185 1677 274 1739 Sem.
304 1673 392 1737 Siout
412 1671 507 1734 hodie
526 1671 646 1753 Morija
666 1683 723 1747 eat,
744 1694 838 1755 quam
858 1674 921 1738 late
940 1688 1035 1741 terra·

89 1806 149 1846 ram
168 1779 260 1843 orbis
283 1788 387 1862 patet,
417 1774 547 1837 aient-et
567 1772 754 1849 lerosolem,
781 1773 842 1836 hoo
861 1789 927 1852 eat,
947 1777 1035 1842 Dour

98 1886 228 1948 aloratnr
252 1894 285 1943 et
305 1879 420 1942 eolitur
438 1898 503 1940 non
523 1877 557 1937 in
577 1897 642 1938 uno
663 1887 694 1939 et
714 1888 799 1938 eerto
820 1875 892 1939 loeo
905 1890 1034 1959 tantona

102 1988 146 2050 aed
161 1984 280 2068 abique
300 1995 472 2058 terrarum,
491 1980 672 2064 ubicunqne
694 1991 739 2043 eat
758 1978 883 2063 piorum
904 2000 1035 2067 oongra·

132 2089 179 2151 tio.
969 2080 972 2085 ’

98 2112 130 2175 8⁸
160 2186 341 2275 Quomodo
368 2197 470 2248 autem
490 2184 578 2247 Dana
606 2183 667 2247 hoo
695 2183 875 2246 mandatum
897 2184 1037 2255 damae·

96 2294 177 2356 lando
197 2288 271 2352 filio
288 2289 479 2363 revolaverit,
499 2288 617 2350 variant
637 2285 813 2349 sententiae.
835 2288 942 2379 lllajor
961 2310 1037 2373 pare

95 2394 231 2455 ianoote
252 2412 313 2475 per
333 2392 483 2454 visionem
503 2390 619 2452 facturn
640 2409 707 2451 eaaa
728 2388 850 2450 dieunt:
872 2388 936 2465 alii,
956 2388 1039 2454 aient

94 2496 180 2559 moria
196 2493 269 2570 fuit,
289 2507 412 2577 patant,
423 2494 496 2557 Sem
507 2492 705 2556 Patriarohae
724 2492 946 2554 revelationem
958 2494 1039 2558 hano

91 2618 151 2662 erae
170 2597 308 2671 laetam,
337 2608 369 2658 at
394 2595 497 2678 ipaon
525 2593 708 2656 auotoritate
730 2590 836 2655 dirior
850 2594 894 2655 ita
913 2595 1038 2678 juariae·

92 2700 312 2763 abrahamum.
334 2696 396 2762 Sat
416 2710 574 2779 utoanque
594 2694 650 2769 rit,
675 2705 794 2755 eertum
814 2707 860 2756 eat
879 2718 914 2758 ex
934 2697 1039 2775 More,

91 2802 167 2864 hano
187 2800 287 2863 fuiaao
307 2797 367 2862 Dei
388 2799 587 2874 voluntatem,
611 2807 646 2859 nt
666 2796 727 2859 laoo
744 2796 896 2861 mandato·
910 2811 1039 2863 tantare-

93 2918 143 2968 tnr
162 2904 334 2967 Abraham.

169 3006 270 3091 Quod
299 3004 341 3066 ad
360 3000 545 3084 Hieronymi
572 2998 747 3062 versionem
776 3004 896 3079 attinet,
927 3003 1042 3087 quiex

95 3108 225 3193 proprio
247 3107 373 3169 nomina
392 3104 614 3188 appellativum
634 3100 721 3177 feeit,
742 3102 856 3187 dignor
877 3116 922 3165 eat
942 3106 1040 3168 rania.

97 3213 245 3277 Etenim
265 3208 437 3272 Hebraioaa
457 3206 584 3289 linguae
598 3216 707 3264 natura
728 3217 783 3278 ert,
805 3205 891 3287 quod
911 3196 1042 3267 tota'art

99 3313 302 3399 etymologioa
319 3310 408 3372 etiam
428 3308 460 3369 in
474 3307 613 3389 proprii·
634 3305 821 3366 nominibus.
844 3305 931 3368 Siout
946 3304 1043 3392 igitur

99 3420 130 3480 in
149 3417 409 3501 paralipomenon
428 3408 491 3471 looi
511 3408 677 3491 propriam
698 3428 810 3470 nomen
829 3407 977 3492 reliquit,
999 3409 1044 3473 ila

101 3520 189 3583 uiam
217 3519 271 3578 laio
301 3514 476 3599 relinquere
505 3521 705 3593 oportuerat3
744 3509 798 3570 aad
826 3509 949 3592 ‹leoepit
972 3532 1045 3577 eum

102 3639 230 3707 requam
249 3618 361 3693 loona,
380 3614 438 3681 obi
457 3612 618 3692 sentitur,
639 3610 815 3699 appellatae
834 3610 1047 3679 Abrahnnnm
