2182 4050
118 155 179 221 138
298 98 552 237 vigesimum
573 106 760 237 quintum
779 164 910 238 capot

9 374 11 379 Ι
113 319 208 384 qne,
233 295 362 362 coms
387 310 427 365 et
451 297 603 365 Messi:
632 302 817 387 itemque
842 299 1014 365 Hosdse
1035 318 1063 369 st

112 404 276 479 -ΤΙιιίἰιι,
305 400 434 477 Istos
463 401 620 487 Nepbis
647 403 867 471 sthcdms.
911 400 1064 468 Hi'sont

10 514 13 521 “
113 506 199 571 filii
231 493 395 581 temnet,
429 516 467 567 ot
500 505 601 568 hsso
633 505 813 570 nomino
828 526 982 570 eorum
1007 528 1064 588 per

113 609 238 673 viIIn
257 620 297 672 et
316 603 467 690 oppido
485 626 641 684 sorum,
670 607 895 674 duodecim
918 605 1064 719 princi·

358 728 431 792 pes
451 705 631 772 tribuous
650 728 824 773 suorum.

188 850 287 918 Hunc
317 846 395 917 olio
411 864 441 917 et
468 846 621 937 contencio
649 849 744 916 modo
773 848 934 917 describit
958 854 1063 938 Moses,

113 958 207 1045 quem
227 956 329 1034 Isaac,
351 956 389 1018 de
410 975 473 1041 qno
493 952 579 1030 dixit,
601 955 688 1039 qnod
706 954 909 1021 benedixerit
928 960 960 1025 ei
978 960 1063 1042 Deos,

111 1083 213 1147 oeque
233 1072 335 1147 temen
354 1054 606 1122 benedictionem
627 1060 783 1142 expressit
835 1058 951 1146 Supra
970 1077 1063 1128 ouem

110 1162 317 1249 tristissimam
337 1159 519 1251 sententism
540 1160 578 1223 ds
597 1158 725 1226 Ismsels
753 1160 960 1242 oodivimus,
989 1168 1064 1249 qood

111 1248 294 1355 'dedente'et¹
310 1264 406 1331 insito
425 1273 515 1349 petre
535 1261 649 1347 ejectus
670 1274 719 1330 est
736 1262 858 1341 domo,
878 1284 952 1329 non
968 1267 1063 1331 mstis

109 1384 250 1451 tontum,
277 1368 333 1435 ssd
360 1378 392 1430 et
420 1363 522 1431 divino
542 1365 742 1443 auctoritate,
769 1380 800 1432 et
821 1390 941 1431 semen
962 1370 1061 1450 cernis,

110 1496 176 1545 oon
195 1470 416 1559 promissionis
436 1467 611 1555 sppsIIstus
633 1480 686 1532 est
720 1468 807 1535 Hseo
826 1468 929 1535 valde
950 1469 1061 1538 dorset

109 1576 220 1640 scerb's
247 1587 335 1639 sont
363 1594 474 1636 verum
493 1569 553 1632 hoc
579 1569 651 1633 Ioco
672 1571 854 1637 celebretur
877 1594 950 1636 oon
971 1577 1058 1640 solon

107 1676 227 1745 carneli
246 1672 481 1748 bencdictione,
501 1672 556 1735 sed
577 1671 671 1737 etiem
690 1672 870 1760 spirituali,
893 1696 935 1740 ac
954 1675 990 1739 in
1006 1700 1055 1741 osr-

108 1756 175 1844 noli
202 1778 330 1865 quidem
356 1775 502 1863 superior
527 1773 620 1840 fratre
647 1774 750 1853 Isaeo,
777 1800 865 1863 quse
894 1800 949 1843 res
978 1794 1055 1849 tenti

108 1884 228 1947 tionem
256 1892 287 1947 et
315 1876 558 1943 sollicitudinem
583 1877 669 1942 Issso
694 1878 872 1973 plurimum
907 1882 1003 1946 suxit
1035 1884 1057 1948 Is

108 1982 191 2048 enim
211 1982 350 2047 nondum
370 1981 463 2045 hebet
482 1980 628 2066 prolem,
654 1995 685 2045 et
712 1994 760 2047 tot
787 2005 892 2048 sonos
916 1978 1058 2071 exspectet

107 2084 371 2173 benedictionem,
399 2084 501 2150 dooeo
533 2084 754 2170 octuagenorio
773 2086 923 2170 primum
945 2108 1059 2150 nsscsn

108 2202 161 2250 tur
180 2184 247 2250 filii.
287 2185 407 2251 Interes
425 2185 549 2251 Ismaeli
570 2187 685 2250 dantus·
707 2186 879 2252 duodecim
906 2191 1059 2277 principes

102 2276 208 2353 ¹multo
230 2301 310 2365 sote,
331 2311 423 2372 qoem
444 2302 607 2375 generaret
626 2288 720 2365 Isaeo,
742 2301 899 2352 ettamen
914 2313 978 2355 neo
991 2293 1060 2377 ipss,

103 2415 168 2477 ¹nec
188 2390 347 2482 Abrohom
366 2406 413 2458 tot
432 2376 590 2479 principes
603 2405 786 2476 genuerunt.
800 2386 803 2392 ’
818 2394 943 2459 ismael
956 2408 1061 2481 sutem,

15 2509 18 2515 '
103 2491 165 2583 {qui
179 2494 280 2561 freter
300 2510 346 2561 est
367 2509 636 2573 exsercemus,
657 2505 741 2557 tento
761 2506 872 2559 ettam
890 2496 1060 2580 nmplnbe

92 2594 286 2663 'nediotione
306 2611 454 2675 ornetur,
482 2610 518 2661 nt
545 2619 616 2660 mox
637 2611 764 2685 generet
786 2596 964 2662 duodecim
985 2597 1061 2683 prin·

107 2697 210 2783 cipes,
239 2722 319 2785 quos
348 2722 456 2766 omnes
483 2701 635 2765 viderunt·
655 2701 757 2764 vivers
786 2712 817 2765 ct
843 2699 966 2764 florere
985 2713 1060 2762 oter-

108 2824 187 2887 que,
214 2800 372 2868 Abrohom
401 2815 431 2868 et
458 2804 551 2867 Isnso.
599 2802 745 2866 Mortuus
771 2801 859 2866 enim
881 2818 932 2867 est
954 2804 1060 2870 Ismsil

105 2918 179 2989 post
209 2904 367 2970 Ahrsim
393 2904 530 2970 XLVIII
550 2927 667 2983 sonos,
698 2929 736 2970 oc
757 2918 924 2971 cesserunt
946 2905 1007 2970 filii
1025 2908 1060 2970 Is

106 3007 216 3071 meilis
241 3009 344 3074 stetim
371 3012 404 3074 in
425 3030 557 3099 magnos
578 3009 660 3072 viros
682 3023 711 3074 et
742 3012 857 3084 duces,
889 3022 1059 3095 antequem

25 3172 31 3184 x
105 3110 279 3177 benedictio
299 3111 444 3177 Abrshm
464 3124 494 3177 st
513 3111 595 3177 Issso
614 3114 769 3198 promisse
787 3112 1010 3178 inchoaretur.

185 3271 269 3335 Hseo
296 3292 368 3335 sens
389 3270 494 3356 grssis
514 3271 639 3335 tentatio
669 3270 729 3338 fuit
748 3271 839 3351 fidei,
869 3275 946 3357 spei
968 3287 1000 3339 et
1019 3275 1058 3339 di·

104 3372 258 3438 lectionis.
288 3374 337 3437 Ao
353 3396 419 3439 non
436 3374 519 3438 enim
539 3386 691 3439 tentarent
710 3378 787 3442 hacc
801 3378 951 3442 snimnm
968 3400 1058 3463 queo

103 3475 217 3537 mmsis
236 3475 326 3558 pium
354 3491 386 3541 et
406 3477 575 3559 sonetum?
604 3478 748 3561 inprimis
774 3481 982 3556 incolendo,
1009 3480 1057 3566 qni

105 3576 234 3642 condidit
255 3579 340 3657 Deo,
368 3594 398 3646 et
417 3581 551 3656 audivit,
584 3601 616 3644 so
636 3584 791 3668 praeponi
813 3584 1057 3672 cunctis'genti·
