2182 4050
235 220 238 225 -
349 168 372 233 ’.
422 176 592 261 genesis.
713 236 716 248 ,
945 184 987 249 &t

93 352 155 403 rsus,
168 335 376 390 resurrecturam
398 346 524 389 caruem
544 336 682 387 nostrum
702 324 737 385 in
758 336 894 389 extremo
915 327 982 406 die3
1033 308 1036 315 ¹

94 434 184 497 idern
202 428 276 493 uobis
293 428 383 491 debet
403 448 468 489 esse
490 441 626 501 eertum,
658 444 694 487 su
723 426 750 487 si
777 428 840 511 jem
866 428 1003 493 faetum'

97 551 171 603 esset:
189 536 311 597 babemus
329 529 409 589 euius
431 550 490 593 uos
512 546 638 613 quoqne
658 526 787 592 verbum
809 542 839 593 et
859 534 985 621 easdem

75 618 78 626 Ι
99 638 234 725 spirituules
250 630 482 709 consolationes,
504 652 581 717 quas
602 627 757 693 Abraham
777 632 893 697 hebuit.

161 739 224 803 Siout
238 736 319 821 igitur
337 745 409 795 aute
428 746 554 797 eentum
574 754 674 797 annos
695 730 773 793 nihil
783 728 911 809 fuimus,
931 732 982 810 ita,

110 860 160 905 aru
175 858 237 915 usors
258 834 417 897 aboleverit
438 856 564 899 earnem
583 849 743 909 nostram,
773 853 845 897 euro
875 847 984 901 nostra

110 944 188 1007 iterun
209 961 235 1000 es
256 935 341 997 uibilo
370 951 508 1025 emerget
529 950 559 999 et
587 937 677 999 viret.
719 932 771 999 Sio
798 939 983 1019 praesentis,

109 1066 168 1129 quse
181 1045 225 1125 jun
240 1039 386 1115 habemur,
407 1040 607 1125 palpabiliter
627 1059 686 1099 nos
709 1039 824 1102 dooent
843 1040 881 1103 de
900 1038 984 1105 futu·

75 1165 78 1175 ·
107 1150 150 1223 sir,
163 1166 219 1231 quse
233 1140 348 1203 babituri
364 1162 479 1201 sumus.
501 1140 602 1204 Nemo
618 1141 717 1227 igitur
737 1139 873 1225 objiciat,
895 1144 982 1227 quod

70 1248 220 1319 tibrsbsu
235 1242 440 1327 promissiones
460 1242 584 1303 habuit:
606 1263 710 1305 noune
730 1241 814 1327 enisu
825 1265 883 1305 nos
907 1226 990 1329 quo-¹

70 1321 78 1444 ξ
110 1374 154 1435 que
173 1350 281 1411 bibemus
305 1342 528 1427 promissiones
554 1344 588 1405 in
616 1343 777 1427 Bsptismo
805 1357 835 1407 et
862 1344 984 1409 Euobs·

70 1445 77 1527 ‚l
109 1452 187 1515 sistis?
200 1451 262 1513 Haeo
278 1461 393 1509 tentum
414 1442 584 1508 differentis
606 1458 654 1506 est
672 1446 823 1507 internos
844 1448 983 1511 etAbra-

75 1588 78 1593 ·
110 1555 207 1629 bruun,
222 1551 287 1635 quod
305 1549 461 1613 Abraham
483 1548 613 1611 eredidit
633 1547 903 1631 promissionibus,
925 1571 982 1612 uos

80 1728 85 1739 Ι
112 1678 156 1721 rou
169 1656 287 1719 sedimus.
326 1650 482 1713 Abraham
509 1671 566 1733 per
591 1647 684 1712 lidesn
713 1669 748 1710 ex
772 1647 983 1716 invisibilibus

70 1742 86 1848 ,j
114 1758 160 1823 se
176 1758 287 1831 onera,
318 1774 376 1817 noe
404 1766 522 1816 aarum
538 1752 583 1815 un
612 1752 784 1813 visibiles.
812 1754 982 1835 haeremus,

117 1860 282 1943 uerprlpsmns
304 1856 402 1919 Deum
423 1853 622 1939 palpabiliter
650 1853 685 1915 in
706 1856 913 1940 nobisipsis,
942 1860 983 1922 si·

71 2024 75 2031 ,
119 1960 236 2023 ertlsulus
253 1958 339 2033 dioit,
368 1960 471 2020 Aotor.
496 1957 562 2032 tt,
587 1957 753 2040 reliquisse
780 1962 903 2023 eumin
926 1983 983 2025 no·

70 2098 75 2128 !
113 2062 149 2145 bis
161 2076 211 2123 uerte
225 2062 386 2124 testimonia
407 2081 479 2121 suae
499 2060 689 2143 praesentire
710 2076 739 2124 et
758 2063 913 2127 bonitatis.
979 2130 982 2135 ,

70 2198 72 2203 -
141 2146 241 2225 ¹llrbuit
263 2176 361 2227 tamen
380 2163 534 2225 Abraham
556 2164 755 2250 privilegium
777 2166 933 2250 singulare
954 2178 984 2229 et

71 2338 74 2343 Ι
105 2282 152 2323 rou
166 2268 393 2339 rontemnendum,
415 2264 501 2347 quod
521 2284 579 2323 nos
601 2284 666 2325 nou
688 2266 845 2329 habemus.
869 2267 983 2331 Certus

70 2394 73 2413 ι
101 2363 162 2425 suin
174 2362 215 2425 fuit
231 2369 263 2430 de
283 2367 478 2451 posteritate,
507 2366 593 2447 qoud
613 2368 705 2429 ambo
725 2366 781 2429 lilii
803 2382 903 2429 esseut
923 2370 985 2431 rio·

100 2466 155 2527 turi.
181 2466 257 2553 Spes
282 2469 364 2533 enim
391 2466 569 2530 admonitus
595 2470 692 2529 verbo
715 2469 775 2529 Dei
797 2471 920 2549 didicit,
949 2496 986 2535 ex

101 2567 189 2632 lsusstle
203 2574 385 2659 generandos
407 2569 569 2633 duodecim
591 2570 695 2632 duces.
731 2570 779 2633 De
799 2571 890 2636 lsasu'
907 2596 985 2659 quo-

104 2688 235 2750 perorat,
257 2674 444 2737 naseiturum
465 2692 500 2733 ex
521 2693 557 2736 eo
579 2668 748 2734 Christum.
789 2672 859 2737 Hoc
888 2696 985 2739 exem·

99 2770 201 2853 pluuia
222 2780 285 2840 solo
316 2776 494 2837 Abrahsmo
526 2786 555 2837 et
585 2775 653 2857 ejus
684 2773 801 2837 familia
826 2774 983 2855 videmus5

97 2892 164 2933 uerso
177 2878 238 2939 enim
257 2892 399 2941 nostrum
420 2892 522 2941 sertus
542 2897 608 2939 esse
629 2889 732 2957 potest
753 2899 818 2940 uuo
841 2902 923 2943 auno
946 2882 985 2945 de

98 2994 185 3039 suumn
200 2998 385 3067 posterorum
406 2983 477 3045 vite.
517 2976 580 3039 Sed
601 2977 661 3039 hoo
682 2981 844 3061 corporale
866 2996 984 3051 tantum

97 3074 228 3145 bneficium
245 3099 305 3149 est:
327 3109 386 3151 nos
407 3097 527 3154 antem,
548 3079 636 3163 quod
657 3081 695 3145 ad
716 3081 890 3165 spirituales
912 3106 984 3169 pro-

70 3213 80 3255 ,ι
99 3176 209 3249 nissiuues
233 3189 356 3263 attinet,
392 3187 442 3249 rel
470 3202 578 3267 pares,
614 3182 665 3243 vel
692 3183 780 3245 etiam
809 3187 985 3269 superiores

98 3276 228 3350 mnino
256 3312 381 3365 sumuse
408 3310 463 3362 ao,
484 3284 509 3345 si
528 3294 646 3345 tentum
667 3306 828 3367 possemus
850 3291 985 3367 orederu,

70 3436 72 3447 ,
99 3380 149 3445 siunt
166 3390 302 3453 Abraham
331 3391 484 3463 eredidit,
512 3407 645 3447 essemus
672 3385 706 3445 io
728 3386 892 3465 Paradiso,
919 3391 984 3455 imo

70 3468 73 3529 ἶ
98 3483 178 3570 inipso
195 3495 285 3571 eoelo.
318 3495 392 3557 Non
408 3492 495 3569 ,enim
516 3488 658 3571 baptisati
680 3509 783 3549 sumus
804 3490 836 3549 iss
858 3490 984 3555 domum

70 3541 77 3649 i
99 3584 410 3671 cerritanensium,
437 3592 492 3657 sed
519 3592 552 3653 in
578 3614 711 3677 rognum
737 3590 915 3654 coelorum:
945 3596 984 3657 sd

70 3664 75 3722 l
567 3696 587 3762 5
608 3692 627 3729 r
