2182 4050
135 230 178 302 66
309 224 919 316 vigesimunqnartumenput
996 313 1003 335 x

74 409 77 415 ·
138 394 170 447 et
189 356 432 445 decanistantias
453 399 580 457 omnes,
602 380 729 459 locuni,
748 393 900 466 tempus,
921 400 1068 465 persensu

137 486 234 572 ionga
253 485 366 546 meiius
386 496 416 546 et
435 485 547 546 rectius
568 484 720 569 disponit,
748 506 845 567 quam
867 506 929 546 nos
949 486 1069 570 cogitio.

139 590 181 654 do
201 588 500 672 pnescripsen'mus.
542 588 795 653 Adsuefaciamus
823 591 936 677 itsque
967 589 1077 653 auiuos'

28 712 33 717 '
137 704 261 756 nostros
279 701 320 752 'at
350 692 569 754 exsuscitamus
598 693 637 754 sd
656 693 911 763 invocationem,
938 703 975 751 ut
997 688 1069 753 muit‘

138 796 233 862 simul
246 807 359 856 orent}
382 815 445 878 quo
467 795 548 855 euim
567 796 674 877 plnres
695 796 839 872 orabunt,
862 796 928 857 hoo
948 794 1068 857 citiusst

139 896 344 964 abuudantius
373 897 595 981 impetrabunt.
637 896 804 960 orandam
840 909 955 985 eutem¹
984 894 1065 957 estis

138 1002 272 1066 nomina·
291 1002 427 1078 Christi,
454 1023 518 1063 non
546 1000 683 1078 Mariae,
710 998 797 1065 Petri
824 1012 882 1061 ant
912 1008 1063 1060 ssnotomu

139 1102 283 1180 alioruin,
304 1105 383 1167 sicin
402 1102 545 1188 Pupistae
564 1106 677 1181 solent,
698 1106 737 1168 de
758 1124 823 1188 quo
847 1101 925 1164 alias
947 1118 1035 1191 saepe

138 1224 155 1239 ’“
217 1228 372 1293 Hactenus
392 1227 486 1291 fidem
513 1242 544 1292 et
562 1228 792 1293 invocationem
822 1226 907 1290 servi
929 1221 1060 1306 descripsit
1088 1169 1091 1272 i

137 1335 252 1398 Moto.
275 1333 387 1395 uuam
408 1332 488 1393 nom
510 1334 692 1415 praecedas
710 1332 744 1393 sn
766 1330 918 1394 omnibu·
941 1325 1058 1410 spectu
1087 1307 1091 1394 Ι

138 1450 169 1501 et
188 1435 366 1515 actionibus
386 1435 500 1498 uostris
521 1458 645 1500 necesse
666 1448 730 1512 est,
753 1435 850 1498 etiam
872 1428 1058 1494 minimiszsi
1085 1407 1091 1477 i

139 1563 176 1603 ve
197 1540 335 1612 edamus,
356 1535 419 1600 sive
439 1538 643 1617 dormiamus,
663 1541 726 1604 sire
744 1558 859 1622 operas
871 1529 1056 1598 oeconomicus
1084 1487 1091 1598 i

138 1655 193 1705 aut
212 1636 355 1731 politicas
376 1661 566 1718 exercemus,
598 1643 705 1706 omnia
724 1664 761 1705 ex
780 1637 863 1716 fide,
889 1635 1056 1699 invocationi
1083 1612 1091 1698 ,Ι

138 1758 168 1808 ct
188 1742 361 1830 gratiarum
389 1744 507 1806 actione
526 1743 783 1829 proficiscantur,
811 1743 847 1804 si.
861 1741 988 1825 quidem
1010 1738 1056 1821 pio·
1083 1716 1091 1784 Ι

135 1868 207 1912 rum
229 1866 326 1931 opera
344 1845 430 1909 boun
450 1863 480 1910 et
494 1849 561 1912 Deo
581 1847 822 1931 piacentis'esso
839 1853 977 1926 oportet,
994 1838 1056 1925 qut
1083 1818 1091 1886 Ῑ

137 1956 327 2031 non'potest
347 1942 432 2019 fieri,
454 1947 515 2008 uisi
537 1948 616 2009 adsit
636 1936 747 2012 arilens
768 1946 847 2009 fides
869 1958 901 2008 et
921 1941 1056 2017 invocatio,
1083 1920 1091 1989 Ι

137 2071 217 2136 quae
237 2044 326 2110 faciat
347 2060 376 2109 et
397 2048 549 2131 gubernet
571 2049 684 2113 omnin.
721 2052 835 2113 Monet
855 2049 940 2111 idem
960 2047 1056 2121 Paulos,

138 2153 207 2217 cot.
230 2156 259 2220 3.
281 2163 324 2225 (v.
349 2156 430 2221 17.)=
451 2140 593 2228 „Omne,
616 2155 825 2239 quodcunque
844 2149 947 2213 facitis
965 2148 995 2210 in
1012 2169 1059 2210 ver·

135 2257 177 2320 bo
200 2268 253 2318 aut
278 2252 447 2336 inopere,
478 2255 583 2317 omnia
612 2256 643 2316 in
671 2256 796 2317 nomine
826 2251 960 2314 Domini
985 2245 1074 2321 uostsi¹

135 2340 342 2445 Iesu'Christi
362 2352 472 2434 facite,
493 2358 608 2443 gratiss
629 2372 755 2447 agentes
776 2358 847 2420 Deo
870 2368 903 2417 et
924 2351 1004 2416 Patri
1018 2368 1061 2435 pet

134 2466 276 2550 ipsum“.
533 2546 536 2550 ¹
688 2482 690 2486 ·

214 2563 303 2627 Hanc
323 2544 623 2627 commendatioiiem
643 2558 733 2637 fidei,
762 2584 843 2645 quse
868 2556 975 2624 omnia
993 2568 1062 2644 grets

136 2679 168 2730 et
186 2679 314 2748 accepta
334 2664 403 2727 Deo
424 2665 512 2742 facit,
539 2665 678 2750 sequitur
705 2663 872 2747 descriptio
896 2659 1062 2744 hospitalita-

134 2771 192 2846 tis,
213 2764 291 2853 quae
312 2765 388 2828 olias
409 2789 498 2850 saepe
518 2767 730 2850 inscriptura
751 2778 854 2829 sancta
876 2763 1062 2848 praedicetur.

134 2870 214 2954 Ejus
235 2871 410 2950 exemplum
425 2867 531 2928 Moses
552 2850 611 2928 hoo
631 2879 696 2930 toto
719 2881 749 2931 et
770 2881 833 2930 tam
854 2867 981 2950 prolixo
1001 2864 1064 2948 capi·

134 2988 165 3038 te
185 2973 307 3046 recitat,
330 2991 406 3055 quae
427 2989 534 3030 rursus
554 2970 741 3032 videbuntur
767 2969 910 3053 profanis
931 2967 1063 3030 mentius

129 3087 187 3155 ‚ant
216 3071 388 3158 hypocritis
418 3072 537 3148 otiosa,
564 3074 681 3143 rustica
708 3085 740 3133 et
767 3072 927 3155 vulgaria:
954 3081 983 3132 et
1006 3064 1075 3131 ntia

134 3192 216 3257 suut,
237 3178 275 3253 si,
294 3189 330 3238 ut
350 3175 410 3258 ipsi
430 3176 606 3252 intuentur,
627 3175 694 3239 siue
715 3177 802 3252 Deo,
823 3173 887 3237 fide
909 3186 941 3237 et
959 3172 1063 3235 iat-oce

133 3285 217 3347 tione
238 3282 318 3345 sint:
340 3280 394 3344 sed
414 3299 485 3343 cum
502 3272 570 3341 Deo
592 3280 698 3364 omnia
717 3289 790 3342 suut
810 3270 928 3340 eximia
947 3290 978 3342 et
994 3292 1061 3359 mg*

134 3386 233 3451 nifica.
414 3400 417 3405 '

38 3576 40 3580 ’
132 3567 235 3634 Erat
260 3573 389 3627 autem
414 3551 557 3641 puella
582 3552 658 3621 illa
682 3554 800 3623 valde
819 3552 1052 3643 pulchronii·
1080 3609 1091 3630 ,,

128 3681 301 3763 spectu,
320 3675 497 3750 eratque
514 3660 711 3747 ὤμω.
725 3680 842 3744 quam
859 3659 993 3727 nnllns
1007 3653 1049 3725 sis
1073 3632 1091 3704 Ι
