2250 4064
158 179 201 245 ὦ
349 148 793 263 vigesimumpriqum
813 190 956 263 capnt*
1004 184 1018 201 ⁸

49 358 52 366 ·
158 324 292 389 lineum
310 340 344 403 et
363 327 537 406 dominam,
553 341 585 392 et
604 326 690 393 filius
709 349 817 395 terras
837 329 912 395 velit
924 331 1059 395 concula

158 426 260 497 filiun
281 428 407 493 liberae.
957 452 961 461 ·

166 562 180 589 s
239 531 461 595 litteratiores
488 530 609 595 addunt
636 542 761 594 munuc
780 532 874 595 matri
896 532 1057 609 animum,

131 631 259 703 ,libers
285 634 387 695 mariti
413 655 507 719 opem
536 632 703 717 imploret;
725 635 794 699 ,sed
822 635 986 697 Abraham
1014 636 1060 697 vic

158 746 290 816 paterno
311 734 422 798 affectu
443 736 538 799 surda
558 758 633 799 aure
652 737 771 799 transit.
805 736 881 799 Non
902 730 1060 821 igiturest

159 837 339 913 etiterum,
365 841 565 923 sedsaepias
587 858 789 920 paroxysmns
808 838 891 901 iuter
910 840 985 923 pios
1007 860 1060 903 cor

159 959 215 1023 ges
237 953 360 1002 exortus
381 953 443 1017 est,
470 956 557 1026 patre
578 953 738 1002 excusante
757 939 928 1005 ismaelem.
973 942 1060 1007 Excit

159 1041 255 1141 igitur
274 1055 321 1104 tot
341 1044 463 1126 injuriis
486 1058 515 1106 et
536 1042 731 1107 contumeliis
752 1041 829 1104 Sars
849 1043 958 1105 hebuit
979 1067 1060 1111 csntt

159 1166 217 1231 cur
238 1142 292 1207 dili
285 1146 417 1229 rgentius
438 1143 678 1230 promissionem
692 1143 872 1206 intueretur
895 1146 1060 1211 Vtrumer

158 1244 272 1311 Esaiae
293 1246 411 1308 dictum
433 1260 495 1309 est·
528 1246 687 1323 „Venatio
717 1248 770 1310 dat
797 1246 1022 1312 intellectom“
1043 1252 1061 1327 (i

159 1346 309 1453 28,19..
352 1346 445 1410 ltem:
474 1294 636 1435 Oplimum
657 1349 889 1413 condimentum
910 1348 1030 1428 sames3
1056 1378 1061 1417 t

158 1426 241 1513 enim
268 1450 480 1528 tribulantur,
516 1474 617 1516 sacras
642 1454 749 1515 literas
778 1453 888 1516 melius
913 1453 1061 1541 intelligo

159 1540 268 1645 Securi
290 1568 320 1617 et
339 1551 490 1619 fortunati
516 1577 567 1618 eas
588 1555 718 1643 legunt,
744 1556 824 1618 sicut
844 1554 979 1641 aliquod
1001 1556 1060 1623 Ori

158 1678 292 1722 cumen.

239 1762 345 1845 Quare
375 1774 475 1823 autem
504 1758 682 1822 scribantur
709 1756 803 1833 haec,
832 1758 973 1821 ostendit
993 1758 1060 1825 Pan

158 1860 215 1964 ad
222 1860 349 1925 Galatas
371 1875 496 1947 quarto,
526 1876 556 1924 st
582 1859 784 1944 explicuimus
806 1880 877 1919 eum
904 1860 1016 1941 locum
1042 1860 1060 1963 d

158 1942 269 2057 genter
288 1964 321 2026 in
341 1964 572 2027 commentario.
608 1946 711 2025 Non
704 1962 784 2051 enim
806 1960 921 2023 frustra
943 1976 1001 2042 est,
1024 1952 1060 2053 qu

158 2080 264 2129 sancta
284 2081 381 2130 mater
401 2081 507 2130 contra
529 2069 628 2129 mariti
649 2063 887 2133 voluntatem
862 2080 1050 2151 srcpugnat,

158 2190 228 2232 cum
250 2169 369 2233 lsaao
359 2194 394 2232 sn
424 2172 545 2234 haered
549 2184 639 2234 tatem
670 2169 813 2234 succedat
841 2156 963 2228 ismael.
1007 2166 1060 2253 Sc]

157 2270 251 2333 ctiam
270 2268 431 2335 Isma'elem
452 2275 621 2357 appellavit
639 2293 730 2335 suum
750 2270 870 2339 fitium:
892 2268 937 2330 sic
959 2270 1046 2333 enim

53 2388 58 2403 ¹
156 2373 201 2435 eit
214 2373 388 2462 dsHsgar:
410 2375 485 2450 „Ut
503 2375 648 2439 aedificer
663 2398 699 2439 ex
720 2385 784 2440 ea“
787 2396 853 2452 ,ao
867 2372 989 2447 lamuel,
1012 2372 1060 2435 At

156 2475 251 2539 lirino
271 2476 320 2541 aio
338 2477 520 2541 instituente
541 2499 627 2554 eum,
648 2475 757 2539 Sarum
778 2477 948 2560 appellarit
968 2489 1060 2553 matrt

155 2576 233 2643 Fuit
252 2579 334 2641 enim
355 2579 497 2666 legitima
516 2593 623 2653 mator,
644 2578 717 2641 licet
737 2599 801 2639 uon
822 2578 987 2642 naturalis.
1056 2634 1060 2641 .

164 2700 194 2743 ι·
236 2679 310 2743 ldeo
331 2679 477 2747 Saraceni
497 2693 687 2764 usurparunt
711 2680 773 2744 hoo
793 2703 929 2758 nomen,
958 2678 1051 2764 quod

157 2783 237 2847 mati
268 2797 348 2848 esset
375 2786 533 2871 legitimus
555 2782 649 2846 Saros
676 2779 779 2858 filins,
810 2795 842 2845 et
868 2783 1060 2864 gloriantur.

157 2887 226 2972 J'u'ra
246 2884 522 2971 primogeniturae.
544 2883 607 2946 Sed
627 2882 708 2953 Sara
728 2884 823 2947 sumit
844 2884 1050 2948 differentiam

108 3051 112 3073 Ι
153 2987 384 3071 promissione,
404 3006 462 3057 uec
481 2986 567 3061 vult,
588 2986 711 3071 aequari
731 2985 893 3051 lamatilem
912 2986 947 3048 iu
968 2987 1059 3057 baert

82 3098 89 3109 '
156 3101 218 3155 tate
237 3088 325 3173 filio,
354 3110 412 3154 nec
437 3085 523 3155 finxit
550 3088 629 3160 hanc
659 3088 861 3153 differentiam
891 3111 938 3161 ex⁵
957 3084 1059 3151 molid

154 3193 311 3277 passione.
354 3191 526 3260 Promissis
552 3212 621 3259 ean
643 3193 794 3270 ostendit,
814 3194 848 3257 si
868 3191 1000 3276 quidem
1023 3192 1060 3269 Dr

156 3296 268 3365 diserta
290 3293 381 3366 dicite
402 3291 559 3371 „Pactum
578 3314 683 3363 meum
704 3316 773 3358 cum
795 3296 917 3359 lsaso“.
946 3292 1060 3365 Hanct

155 3386 307 3463 clusiram
327 3418 393 3460 nou
411 3409 475 3469 tona
496 3398 576 3467 bene
593 3390 1001 3473 consideraritAbraham,
1013 3416 1061 3481 qut

152 3498 242 3564 Sara.
263 3499 338 3569 ldeo
359 3499 448 3571 valdo
468 3497 637 3565 offenditur
656 3499 795 3563 oratione
815 3512 848 3563 et
866 3498 989 3583 judicio
1002 3496 1062 3563 Sat

64 3640 66 3645 .
130 3622 133 3629 ·
154 3622 192 3667 tc
210 3613 317 3687 putat,
344 3600 452 3686 inique
470 3600 524 3689 agi
543 3622 615 3671 cum
634 3600 782 3685 Itm'cfla,
809 3622 868 3667 nec
887 3602 959 3666 vult
976 3623 1063 3687 ptr!
