2182 4050
414 166 662 266 genesis.'¹''²'
916 158 980 249 2'97'

78 338 142 402 ›lrlt
162 318 301 407 silentio,
332 328 466 393 adeost
487 316 699 402 nesterotis,
721 329 827 390 matris
850 304 989 409 Christis
1069 332 1071 339 “

78 458 168 508 ortem
190 434 344 519 cognitam
365 430 542 496 hshsomus.
564 432 640 495 Solo
655 428 734 495 Sars
753 430 830 493 horso
845 432 977 515 gloriam

78 560 136 622 set,
157 540 246 627 quod
267 558 420 601 sonorum
437 558 585 597 numerus
599 546 708 609 certos,
729 546 851 617 tempus
871 532 978 621 mortis

78 650 173 711 loeus
199 637 351 722 sepulchri
372 637 565 701 describitur.
587 637 702 721 Magos
717 636 814 723 igitur
835 638 901 699 loos
922 648 990 717 est‚'

77 745 293 813 certissimum
314 753 541 833 argumentum,
562 739 657 802 fuisse
670 762 737 803 esm
756 740 925 829 pretiosum
944 742 978 806 in

77 854 130 919 slis
152 847 230 912 Del.

109 955 274 1018 Pertineot
294 955 395 1012 sutem
424 944 498 1007 hiso
516 964 579 1006 non
599 954 662 1021 tem
683 942 723 1005 ed
743 942 869 1024 Soram,
899 964 980 1031 quse

77 1055 265 1123 odefuoots
285 1062 349 1127 est,
377 1070 469 1133 quom
496 1047 535 1111 ed
556 1068 632 1125 noe,
661 1046 714 1132 qui
742 1070 847 1110 sumus
878 1042 981 1111 edho'o

77 1159 226 1243 perstites.
263 1154 397 1217 Maxime
418 1154 500 1217 enim
522 1148 696 1215 consolatio
717 1162 763 1211 est
782 1148 900 1226 audire,
912 1145 994 1227 'exi-²

77 1284 109 1327 om
128 1274 158 1322 et
179 1270 305 1323 nortem
326 1256 412 1319 istius
432 1252 636 1319 sanctissimae
654 1251 846 1314 Potriorehse
866 1260 899 1313 et
918 1262 995 1313 om·'

77 1366 132 1427 'som
157 1362 299 1437 Petrum,
325 1348 460 1447 quorum
488 1356 655 1419 collatione
677 1352 734 1417 nos
755 1354 834 1415 nihil
864 1373 980 1430 sumus,
1082 1440 1085 1445 Ι

77 1462 130 1529 ‚titt
156 1462 272 1525 differre
299 1476 443 1527 snostrs
464 1471 576 1534 morte,
605 1459 660 1522 sed
688 1450 784 1543 seque
813 1454 995 1521 deformem

77 1564 332 1648 stigoomioiossm
353 1562 463 1639 foisse,
492 1582 527 1623 so
546 1575 651 1622 nostro
672 1574 726 1622 est.
759 1560 911 1643 'Corpora
932 1582 983 1624 eo·

81 1684 131 1729 rom
153 1683 215 1731 suut
241 1670 379 1753 sepulto,
410 1686 537 1729 oorross
564 1664 776 1741 etermibus,
804 1662 923 1739 defosso
950 1660 994 1727 in'

81 1776 161 1834 Ιοπιο
176 1787 304 1856 propter
325 1772 492 1844 foetorem,
526 1788 590 1829 non
619 1766 707 1828 sliter
727 1788 762 1827 ιο
782 1766 807 1827 si
828 1788 891 1829 non
909 1766 985 1829 luis·

77 1882 128 1934 esst
142 1888 305 1938 sanctorum
327 1876 465 1950 exuviae,
487 1858 558 1935 edm
578 1882 680 1931 temen
700 1848 816 1931 fueridt
835 1858 998 1932 remetissi-'³

76 1970 109 2031 ui
128 1976 273 2052 homines,
303 1992 333 2042 et
362 1974 500 2063 quemvis
531 1962 682 2050 defuncti,
716 1982 818 2037 temen
853 1996 925 2089 vere
951 1974 987 2037 iu

76 2068 173 2142 Christo
192 2079 312 2141 vivunt.
899 2086 905 2095 '
982 2078 999 2097 '⁸

127 2183 259 2264 Propter
278 2200 337 2242 nos
356 2176 453 2263 igitur
472 2176 546 2240 heeo
567 2175 760 2253 scribuntur,
780 2188 814 2239 ut
843 2178 986 2256 sciemus,

76 2283 254 2347 rectissimos
280 2293 383 2365 potres
416 2294 446 2345 et
473 2294 584 2343 mstrss
617 2280 722 2342 esdem
751 2299 878 2361 pessos,
907 2268 1000 2364 quse'

75 2398 103 2448 ts
122 2385 188 2468 poti
210 2384 354 2459 solemus,
376 2384 415 2446 de
436 2384 549 2467 quibus
568 2395 669 2443 tomen
685 2392 803 2443 certum
825 2395 880 2459 est,
901 2380 999 2483 quod'

95 2486 199 2550 oeulis
221 2484 282 2547 Dei
302 2486 423 2561 vivont,
443 2499 473 2548 et
494 2504 573 2568 quos
594 2502 654 2565 ego
676 2483 770 2546 oredo
791 2472 1001 2553 resurrexisse·

75 2616 110 2655 on
134 2590 283 2663 Christo,
304 2588 477 2662 Abrohom,
498 2586 602 2658 losse,
623 2582 733 2661 lomb,
752 2588 853 2650 Adam
875 2596 960 2653 eto.
965 2582 1001 2607 '²

121 2694 230 2776 Atque
250 2691 326 2753 hseo
344 2688 469 2752 ridetur
487 2683 580 2748 foisse
601 2708 692 2751 muso
714 2691 912 2778 Abruhomo,
929 2696 1001 2777 our]

75 2808 211 2877 otopero
229 2791 417 2855 laboraverit
445 2791 483 2854 de
504 2788 681 2872 sepulture,
714 2814 753 2855 no
784 2810 907 2860 mortus
920 2820 990 2867 ,sus

75 2918 116 2958 trs
141 2896 326 2981 sepeliretur
345 2896 379 2957 in
400 2892 504 2957 eliens
523 2904 623 2953 terre:
645 2892 723 2969 siout
742 2894 824 2960 idem
845 2884 884 2962 de
904 2880 1001 2973 Ιοοοόἱ

75 3014 152 3063 ostes
173 2992 346 3062 dudiemus.
375 2996 499 3061 leoob'
488 3010 564 3058 stem
584 3008 615 3057 et
635 2994 750 3081 loseph
769 2998 938 3063 noluerunt
954 2986 1001 3067 tu*

78 3114 200 3189 egypto
220 3090 363 3185 sepeliri,
384 3098 467 3163 sed
458 3121 490 3159 tn
509 3111 591 3160 terrs
611 3098 745 3163 Censen.
997 3180 1001 3187 ι

126 3200 211 3264 Haeo
225 3202 380 3285 cupiditas
397 3215 581 3290 argumento
597 3214 653 3277 est,
673 3200 865 3263 indidisse
837 3170 1002 3271 ersDeusisi

74 3326 130 3368 orte
150 3305 306 3378 soimum,
327 3318 362 3365 ut
381 3318 530 3387 cuperent
551 3318 580 3368 et
600 3306 717 3368 vellent
737 3306 890 3387 sepeliri
879 3331 912 3370 so
905 3294 1003 3375 lioo¹

74 3430 131 3470 erre
152 3406 215 3469 sibi
235 3406 409 3489 promisse,
430 3419 510 3470 certe
532 3429 604 3490 spe,
624 3410 852 3472 resusoitoodos
873 3432 905 3472 se
926 3436 993 3476 esse

74 3532 122 3571 om
143 3503 283 3572 Christo·
320 3508 393 3571 ldeo
421 3508 464 3571 ibi
485 3509 587 3571 locum
616 3512 775 3593 sepulchri
802 3533 866 3574 esse
887 3516 993 3578 solue·

74 3624 144 3691 out,
163 3624 198 3675 ut
218 3632 284 3675 οοο
303 3610 417 3697 prooul
441 3634 460 3675 a
480 3624 608 3677 venturo
638 3614 754 3679 semiue
780 3618 993 3701 qtsieseerentg
