2182 4050
361 223 376 248 ,
453 175 629 264 genutio.
961 180 1020 246 201
1076 202 1081 221 ¹

76 325 225 389 crudeles.
248 323 371 388 Deinde
390 323 509 391 hirsuta
530 327 611 390 outia
629 297 721 391 falla‘x
740 338 797 403 eat,
818 338 849 391 at
870 325 1022 415 oiguifioat

76 431 265 515 hypocrisin.
287 430 373 492 Haeo
393 443 476 495 carta
496 444 569 496 aaut
588 431 722 516 pentima
742 430 840 515 tigna,
861 443 1023 495 otooutra·

76 534 120 597 ria
142 533 276 611 ratioui3
298 531 370 595 ideo
391 533 459 616 ipaa
478 536 624 625 iupuum
644 535 845 599 commodum
865 545 896 601 at
915 532 1023 597 melio-

76 658 144 699 rem
166 651 287 719 partem
307 634 398 720 rapit.
541 644 543 649 '
690 702 693 707 ,
776 700 779 705 .

157 739 365 801 observemus
399 752 520 816 autera,
559 737 646 826 quod
672 738 705 801 iu
733 759 867 824 corpora
892 738 1024 805 Satanae

76 857 149 905 aunt
169 842 265 927 piloni
285 855 315 905 at
335 843 558 908 abominabilao
578 843 776 927 hypocritae,
801 843 874 927 quia
894 843 1024 931 uaoudax

76 947 156 1009 rutis
177 959 222 1009 eat
242 946 345 1030 pilosa
366 947 455 1025 uotis,
475 947 624 1011 naturalia
638 946 832 1010 autumantia
846 968 910 1009 aou
931 946 1025 1037 debet

76 1070 143 1113 ease
164 1050 294 1112 hirsuta.
323 1049 443 1115 Deinde
463 1047 551 1113 rufus
571 1050 660 1114 oolor
678 1048 720 1113 ad
739 1048 911 1133 homicidas
930 1046 1025 1133 perti-

76 1166 139 1215 net.
181 1152 241 1215 lata
271 1154 334 1217 duo
355 1164 504 1236 portenta
523 1163 595 1216 aaut
620 1151 654 1217 iu
682 1152 814 1217 euoleaia
841 1166 873 1217 at
892 1173 1025 1237 corpora

76 1256 222 1333 Diaboli,
248 1254 365 1319 auilioet
385 1254 582 1318 mendacium
602 1267 632 1319 et
651 1254 863 1319 homicidium.
904 1255 1026 1320 Verum

76 1381 142 1421 nou
164 1369 338 1442 agnoscunt
357 1357 405 1419 illi
426 1358 480 1421 hat
501 1370 608 1433 notas,
639 1357 694 1420 aad
719 1357 898 1443 gloriantur
918 1358 958 1421 da
978 1360 1028 1442 ju-

76 1462 159 1522 atitiu
180 1475 210 1522 et
231 1459 451 1526 miserirordia.
493 1460 580 1525 Siout
600 1461 746 1526 Chriatua
770 1459 883 1545 iuquit,
904 1460 1026 1535 loannis

76 1568 127 1631 16.
151 1576 193 1636 (v.
215 1549 278 1637 25:
299 1563 395 1646 „Qui
413 1562 577 1629 interficiat
596 1586 664 1639 voa,
685 1562 897 1639 arbitrabitur,
917 1586 950 1647 aa
972 1562 1028 1625 ob·

76 1667 223 1750 aequium
243 1678 399 1751 praestaro
418 1666 528 1731 Dao“.
568 1668 656 1739 Num
679 1688 761 1753 orgo
788 1666 816 1727 ia
838 1665 975 1727 hirsutus
996 1677 1027 1729 at

76 1770 166 1831 rufus
188 1769 326 1846 videtur,
356 1769 413 1853 qui
434 1767 594 1835 Chriatum
620 1784 651 1834 et
678 1791 753 1834 tuoa
781 1768 918 1831 ouoidit?
960 1768 1026 1837 lmo

78 1871 328 1947 candidiaaimua,
348 1883 385 1934 ut
404 1871 464 1948 tol,
485 1884 516 1935 ot
536 1875 681 1937 omuihua
701 1871 801 1937 atellia
822 1870 1026 1957 splendidior.

77 1972 167 2035 Nihil
195 1984 325 2056 apparat
351 1973 507 2037 hirautum
536 1974 572 2037 iu
600 1975 789 2061 hypocritis,
820 1976 878 2037 aad
907 1996 1029 2037 summa

78 2077 205 2161 justitia,
226 2076 349 2159 religio,
370 2074 493 2139 veritat.
535 2077 716 2164 Diligenter
734 2077 834 2163 igitur
854 2077 1028 2141 notandum

78 2191 144 2255 ost,
171 2179 259 2262 quod
270 2178 365 2241 -Eaau
391 2178 477 2244 affert
505 2201 610 2243 aeuum
638 2180 730 2266 sigua
756 2201 829 2243 rara
848 2193 879 2241 at
900 2178 1029 2265 propriu
1054 2202 1057 2207 ·

78 2281 231 2344 acclesiae
258 2280 458 2358 Diabolioaa,
494 2282 583 2365 oujua
610 2285 680 2368 ipae
706 2295 801 2369 caput
831 2279 1029 2345 deauribitur.

76 2385 170 2447 Alter
190 2381 281 2445 Iacob
302 2403 366 2445 noa
387 2398 434 2449 aat
453 2383 553 2462 rufua,
572 2387 628 2450 aad
647 2385 757 2471 glaber
776 2398 807 2447 at
829 2384 988 2453 aaudidua.

162 2486 213 2548 ad
237 2484 319 2546 huno
351 2487 480 2551 modum
501 2487 610 2570 pinxit
638 2488 722 2551 Dauo
756 2487 835 2551 hano
871 2486 1032 2553 historiam

77 2612 146 2653 nou
166 2589 268 2669 aoluru
288 2589 562 2672 promiaaionibua,
582 2590 637 2654 aad
655 2589 746 2653 otiam
767 2590 877 2677 aignia,
898 2588 939 2651 ad
959 2609 1031 2652 oou-

76 2691 264 2755 firmaudam
284 2691 373 2754 illam
393 2690 597 2765 seutentiam,
623 2694 710 2777 quod
730 2713 802 2758 oaro
824 2688 982 2755 aitmorti
1001 2702 1032 2754 et
1074 2694 1084 2721 ‘

76 2795 219 2858 Diabolo
240 2794 396 2878 auhjeota,
425 2808 701 2881 quantumcunque
721 2809 844 2880 potaua,
865 2791 1032 2879 magnifica

76 2912 111 2961 et
132 2899 254 2975 milliea,
268 2899 377 2980 major,
399 2917 496 2980 quam
516 2897 637 2973 TW,-
649 2910 702 2959 aut
722 2900 826 2963 omnia
840 2920 944 2983 regua.
967 2896 1032 2963 Sed

76 3002 174 3066 laooh
196 3015 226 3064 ot
247 3021 318 3065 rara
337 2998 385 3084 pii
404 3000 441 3063 iu
461 2999 580 3064 maudo
598 3012 675 3083 aaut
694 2998 785 3075 nihil,
804 3000 856 3063 illi
875 3014 946 3064 aunt
967 3020 1033 3063 om·

77 3108 143 3169 nia.
184 3105 367 3170 Differentia
388 3113 491 3165 autom
510 3101 586 3167 huto
606 3114 660 3164 aot.
702 3104 799 3188 Apud
819 3123 878 3165 uoa
898 3114 943 3165 tat
963 3114 1033 3181 vor,

77 3208 149 3270 illio
170 3223 215 3281 aut
234 3209 403 3271 silentium.
443 3203 546 3269 Vooat
564 3216 667 3271 autam
688 3204 774 3268 Daua
796 3225 843 3281 aa,
864 3226 945 3289 quaa
965 3226 1033 3269 uou

79 3323 167 3388 suut,
187 3325 223 3373 ut
242 3311 315 3386 aiut,
336 3323 366 3373 at
387 3308 584 3385 destruitaa,
605 3328 686 3393 quae
707 3316 791 3381 aaut,
810 3317 846 3368 ut
861 3304 940 3370 nihil
955 3306 1032 3369 aiut:

79 3414 158 3494 quia
185 3413 315 3475 verbum
346 3412 406 3476 Dai
433 3413 534 3495 majua
562 3424 624 3485 ott,
655 3431 748 3493 quam
775 3407 888 3472 infiniti
913 3408 1032 3475 muudi.

77 3515 159 3579 Nou
186 3515 285 3600 igitur
312 3515 381 3579 sina
414 3512 565 3599 singulari
592 3512 723 3577 ooaailio
751 3500 920 3596 proposuit
947 3510 1032 3574 Dauo

81 3617 332 3695 olariaaimaiata
352 3616 416 3683 duo
436 3617 540 3705 tigna,
559 3638 640 3701 quaa
659 3614 694 3679 iu
712 3614 853 3681 onuiuru
872 3614 984 3681 oouloa
1003 3626 1034 3683 at
