2182 4050
115 155 178 222 208
258 110 911 241 'vigesimum-quintumooput

61 352 65 358 .
114 302 207 365 utam
228 297 450 374 stlitlurtum
471 313 502 363 et
521 303 681 388 rapinam,
710 316 788 367 tum
820 280 964 373 scilieet,
987 321 1053 384 qus:-

116 404 158 467 do
187 425 252 465 uon
283 403 422 488 sequitur
447 406 623 490 exemplum
642 406 755 485 flios,
786 404 865 468 nois
895 402 1001 470 dividit
1019 429 1054 475 ιι

50 568 52 573 ⁴
115 506 325 594 psupen‘ltus,
344 526 412 569 non
433 507 525 570 restit
544 508 682 585 nudum,
702 528 777 573 neu
799 507 875 572 slis
896 498 992 571 offiois
1007 512 1054 577 esi

114 608 187 671 totis
215 596 359 693 praestet.
410 605 493 672 Coro
521 611 606 673 enisu
634 610 711 674 sdso
743 609 867 698 diligit
897 625 929 674 et
957 630 1054 681 essens

33 788 37 797 “
115 730 211 795 opes,
230 723 267 772 ut
286 730 344 773 uso
364 710 425 794 ipsi
446 710 556 775 divites
587 712 628 776 iis
648 710 811 779 fruentui.
859 711 1055 806 Primumigi

114 828 167 879 tur
187 812 268 878 fiuut
288 814 400 877 divites
426 810 579 880 idolatrae
607 828 720 881 contro
749 814 905 900 primsm
931 819 1054 885 tsbulsuz

115 918 253 983 seeundo
271 915 351 983 fiunt
369 904 479 1004 injusti
498 919 533 981 in
543 919 732 1002 proximum,
753 930 917 1003 raptores
937 932 968 983 et
985 919 1055 987 iuss:

116 1020 188 1108 quis
209 1020 322 1085 debent
342 1021 434 1099 dere,
454 1034 485 1086 et
504 1033 609 1085 temen
630 1042 695 1087 nou
717 1023 800 1091 dont
813 1004 975 1106 'psuperi
1005 1025 1056 1108 Qs's

115 1126 187 1193 dom
210 1124 293 1199 deut,
314 1124 371 1188 sed
389 1123 448 1187 hue
467 1122 654 1202 conditione,
674 1139 712 1189 ut
735 1118 816 1202 eos,
836 1125 900 1211 qui
920 1127 1056 1213 sooipiuo,

115 1227 176 1291 sibi
195 1227 330 1291 habeant
346 1225 516 1302 obnoxios,
537 1227 597 1291 hoo
616 1236 679 1304 est,
707 1229 790 1291 deut
815 1230 967 1316 maligue
986 1247 1013 1295 et
1026 1257 1055 1297 ss

114 1332 222 1417 pet-loe,
242 1352 308 1393 uon
329 1330 467 1416 simplioi
487 1330 592 1407 oculo,
614 1329 668 1394 ted
687 1341 725 1393 ut
735 1330 931 1394 ederentur
948 1344 981 1395 et
996 1354 1053 1418 pus

81 1470 84 1481 =
115 1432 266 1498 dieentur.
606 1486 613 1495 .

194 1534 420 1598 Diffieillimum
438 1610 442 1615 Ι
457 1532 557 1621 igitur
590 1548 637 1599 est
662 1535 756 1601 diviti
779 1556 869 1601 esse
902 1536 1053 1620 justum-t

113 1640 220 1727 pium,
228 1628 315 1723 quis
335 1637 517 1723 eonjuuotee
536 1650 608 1700 suut
628 1658 700 1702 oum
722 1639 851 1724 opibus
873 1641 1052 1709 idolatrist

114 1754 286 1807 contemtus
305 1738 420 1805 sostris.
460 1739 547 1826 Quid
567 1742 761 1826 quod-steps
784 1765 807 1805 s
830 1741 1051 1821 manifestio&

113 1844 197 1932 gitiis
217 1867 283 1908 uon
304 1844 477 1920 abstineut,
496 1844 684 1910 insidiantur
703 1847 852 1910 eliorum
874 1845 993 1921 honis,
1014 1846 1050 1911 tn

113 1948 228 2015 fuciunt
247 1946 394 2032 pupillis,
414 1958 445 2010 et
464 1966 534 2010 neu
550 1951 654 2014 solum
674 1950 835 2036 privative
864 1951 1005 2034 rapiunt,
1019 1952 1052 2017 etl

61 2052 64 2066 '
113 2058 206 2120 etism
232 2054 375 2139 positive.
424 2050 506 2113 Hiuo
533 2053 614 2115 sveri
643 2067 673 2116 et
700 2053 848 2116 usurarii
880 2053 1052 2131 exstiterunt,

114 2178 193 2244 quse
221 2158 293 2223 vitia
320 2155 413 2221 etiem
437 2156 564 2240 legibus
603 2155 749 2218 civilibus
787 2155 977 2237 culpabilia
999 2168 1052 2219 tuot
1089 2183 1091 2254 l

114 2260 177 2324 Sed
196 2261 313 2344 loquor
330 2272 449 2323 tautum
468 2259 507 2323 de
528 2259 693 2334 divitibus,
715 2259 773 2343 qui
796 2257 971 2322 abstineut
989 2284 1053 2345 spo·
1090 2319 1091 2326 ,

113 2365 202 2429 sitivo
224 2364 325 2441 iusto,
345 2362 379 2426 id
399 2376 463 2439 est,
483 2361 715 2426 commissionis
733 2359 846 2439 furto,
880 2378 916 2426 et
944 2366 1055 2428 commit·
1090 2361 1091 2412 l

112 2480 182 2530 tunt
202 2466 318 2531 furtum
339 2465 533 2541 omissionis,
560 2465 622 2528 hoo
647 2475 709 2539 est,
738 2467 879 2547 quondo
911 2489 980 2530 nou
1006 2468 1055 2532 deu

111 2568 315 2653 pauperibus,
335 2588 402 2631 non
423 2579 605 2655 agnoscunt,
627 2588 705 2651 opes
726 2588 796 2632 esse
795 2570 909 2631 done
924 2571 994 2646 Dei,
1011 2592 1055 2633 ιιι

113 2686 186 2735 sunt
205 2670 294 2781 groti.
334 2670 371 2734 Id
402 2672 540 2737 omnium
563 2671 693 2734 divitum
711 2673 895 2755 proprium
925 2688 990 2751 est,
1015 2674 1057 2736 uiti

113 2776 195 2843 sdsit
216 2742 352 2859 Spiritus
378 2786 521 2837 sanetus:
550 2776 628 2837 siout
647 2775 681 2835 in
702 2774 812 2849 Hiob‚
844 2776 886 2836 in
910 2775 1058 2838 Desidet

112 2880 181 2944 sliis
202 2880 263 2964 piis
283 2875 411 2965 regibus
432 2891 512 2954 esst,
543 2877 599 2962 qui
626 2896 732 2938 omnes
760 2877 983 2941 sbuudebsut
1010 2877 1059 2960 opi·

111 2984 180 3046 bus.
222 2981 285 3045 Sed
306 2980 436 3044 David
425 2979 573 3065 inquies,
575 2976 627 3042 Si
647 2980 778 3044 effluunt
800 3001 906 3066 opes,
935 2979 1002 3043 uoli
1018 2996 1059 3041 ιιι

111 3094 284 3172 opponere‘
287 3083 384 3158 ‘.(Ps
400 3083 460 3158 62,
483 3087 560 3154 11..)
1090 3075 1091 3128 ἶ

192 3190 355 3255 Cseterum
375 3205 540 3248 commune
560 3183 735 3268 perieulum
757 3183 904 3246 divitum
932 3195 980 3247 est
1005 3202 1059 3266 pse

112 3309 213 3360 cetum
234 3291 418 3364 omissionis,
440 3311 511 3352 oum
531 3307 596 3350 non
608 3278 914 3370 subveniunt'inopi
935 3301 968 3348 et
987 3306 1059 3369 egeu-

111 3400 151 3460 tis
178 3420 248 3461 oum
276 3408 379 3458 temen
407 3413 511 3456 severe
547 3389 741 3474 praeceperit
770 3388 883 3452 Deus:
921 3389 1058 3471 „Frange

112 3501 256 3565 esurienti
277 3522 387 3585 penem
407 3511 513 3568 tuum,
542 3508 573 3558 et
595 3512 712 3580 egenos
732 3513 904 3578 vagosque
926 3492 1018 3554 indue
1034 3488 1057 3548 iu

112 3604 242 3691 domum
268 3608 380 3667 tusm“
403 3601 471 3675 (Es.
486 3606 542 3677 58,
560 3605 619 3675 7.).
661 3597 783 3660 Sinon
805 3595 948 3673 ⁴fsesueris,
968 3592 1056 3656 sudis

956 3696 1064 3756 ustus
