2182 4050
412 179 594 266 genesis.
632 272 635 277 ¹
916 183 988 265 225·-

21 327 70 391 do
91 340 185 413 negat
204 299 366 410 peoeaaie,
377 325 451 408 qaia
470 323 664 415 ordinatione
679 318 894 392 diriua'fuerit
913 331 977 414 pri·

20 433 215 518 magenitus,
233 433 319 515 juxta
330 430 525 493 sententiam
547 475 569 506 „
578 426 685 511 Major
698 428 811 493 serviet
823 431 977 495 minori“..·

19 531 113 595 Esau
135 546 201 595 erat
220 533 253 595 in
270 531 470 616 possessione
486 531 751 617 primogeniturae
768 553 832 594 nou
845 533 974 613 debitae.

20 635 118 700 Licet
144 635 231 699 enim
257 654 293 693 ex
314 629 472 696 nativitate
493 633 553 697 sibi
573 642 754 719 arrogaret,
784 656 851 697 non
871 622 978 701 tameu
1030 714 1032 727 ,

21 738 131 800 divina
152 739 309 799 voluntate
337 756 404 799 eam
424 722 554 817 tenebat.
596 732 659 798 sad
681 733 775 821 ‘quod
795 737 857 819 diei
877 739 973 802 solet:

19 837 217 903 Possidentis
240 837 375 921 conditio
397 853 443 904 eat
462 840 588 924 potior,
608 837 682 901 ideo
703 858 768 899 non
787 830 910 922 poterat
930 838 976 904 Ia·

22 943 87 1004 oob
109 964 179 1004 eum
200 942 342 1004 turbare:
364 953 394 1004 st
413 942 557 1005 tuebatur
579 962 612 1004 aa
631 941 719 1005 Esau
737 932 975 1025 jure'humauo,
1051 956 1055 969 “

10 1044 133 1108 'divino
155 1057 185 1108 et
206 1044 380 1120 nativitate,
401 1066 480 1129 quae
500 1042 604 1109 omnia
624 1044 761 1133 gemello
782 1044 976 1137 primogeni·
1014 1024 1016 1039 Ι

15 1150 58 1211 'to
80 1149 255 1212 attribuunt
272 1148 502 1231 possessionem
524 1159 555 1210 et
576 1146 749 1237 dominium
764 1148 853 1232 apud
864 1170 974 1214 omnes

10 1232 142 1337 [gentes.
184 1249 249 1312 Lex
274 1247 404 1333 insuper
430 1249 586 1333 duplioem
613 1248 794 1333 portionem
821 1249 973 1317 inbonis

10 1342 163 1439 spaternie
186 1353 338 1421 coneedit.
376 1352 447 1415 Nisi
467 1352 568 1439 igitar
589 1351 675 1414 Deus
695 1360 853 1429 mutasset,
875 1364 907 1416 et
925 1334 977 1443 ι’·ιῇ

12 1460 163 1538 ,vocasset
182 1455 293 1520 illud
281 1477 341 1539 ]ιιι,
362 1455 533 1519 mansisset
528 1455 631 1520 Esau
654 1454 907 1545 primogenitura
926 1456 973 1520 iu·

10 1562 119 1677 i..tegra
161 1556 226 1621 Sed
247 1559 322 1643 quia
341 1556 433 1621 Iaeob
454 1557 557 1621 divina
577 1577 654 1621 vose
676 1578 744 1620 eum
766 1556 858 1655 adae
876 1558 974 1642 perti-
1054 1576 1060 1596 ι

10 1652 98 1731 'nere
120 1660 188 1735 ecit,
208 1681 273 1722 uon
292 1674 400 1745 peceat
421 1662 613 1726 vendicanda
634 1660 694 1725 sibi
714 1682 805 1724 auum
824 1660 895 1747 jus3
916 1660 972 1727 sed

10 1746 104 1824 irene
125 1760 211 1825 feeit:
242 1763 330 1846 quod
354 1759 444 1825 fuit
433 1775 570 1826 intentus
596 1764 630 1826 iu
650 1784 759 1826 omnes
779 1766 971 1847 oooasiouea,

10 1876 52 1926 ιιι
76 1863 214 1927 debitam
236 1865 295 1933 sibi
315 1865 594 1951 primogenituram
615 1864 798 1950 adquireret.
894 1878 897 1885 '

103 2043 179 2104 Non
202 2044 305 2126 potuit
332 2059 433 2107 autem
460 2043 521 2106 alia
546 2041 666 2105 ratione
693 2043 907 2109 commodiore
934 2042 972 2112 id

10 2139 98 2220 fieri,
122 2167 216 2227 quam
236 2166 293 2229 per
312 2146 531 2208 venditionem.
552 2145 623 2209 Etsi
643 2146 725 2209 enim
746 2160 869 2212 ooetum
888 2147 973 2215 iilud

10 2251 65 2312 rel
92 2249 154 2312 offa
175 2272 239 2313 non
262 2260 307 2310 eat
333 2247 472 2330 pretium
492 2248 609 2332 justum
629 2269 689 2333 pro
710 2249 978 2335 primogenitura.
1014 2244 1017 2249 ’

10 2375 124 2416 :amen
152 2352 285 2437 pertinet
310 2351 351 2412 ad
376 2348 602 2413 redemtionem
629 2349 712 2426 litia,
741 2350 804 2414 aive
831 2350 871 2413 ad
891 2349 972 2413 radi-

10 2457 166 2518 mendam
187 2454 387 2531 vexationem,
408 2466 442 2519 ut
462 2454 639 2536 loquuntur
659 2450 871 2537 jureoouqulti·
899 2450 973 2517 Saa-
1014 2532 1017 2537 1

10 2581 56 2642 pe
82 2559 168 2620 enim
188 2581 247 2619 usu
269 2558 361 2632 venit,
381 2568 423 2619 ut<
438 2554 507 2640 quia
528 2556 641 2639 injuste
664 2576 682 2637 a
701 2553 901 2638 sycophantia
921 2576 971 2621 ve-

10 2676 120 2737 retur,
142 2663 197 2743 qni
217 2664 320 2744 ipsum
341 2657 373 2719 in
394 2658 443 2740 jus
464 2658 601 2733 trahunt,
622 2669 652 2720 at
671 2657 723 2720 vel
739 2655 824 2720 falsis
838 2658 971 2723 testibus

10 2765 173 2838 adductis,
194 2763 243 2823 val
265 2760 333 2822 aliia
353 2758 470 2821 technis
490 2758 635 2834 inventis,
656 2756 739 2822 bona
759 2760 826 2844 ejus
848 2763 969 2846 eripere
989 2758 1002 2785 ⁸

10 2878 182 2942 nouantur,
201 2879 353 2947 tanquam
373 2860 488 2944 iujuete
508 2860 548 2923 ab
567 2860 638 2944 ipso
660 2876 819 2946 oooupata.
845 2862 898 2937 tbi,
913 2864 971 2948 qui
1074 2858 1082 2869 ”

10 2985 125 3034 amant
144 2992 265 3054 paoem,
286 2985 463 3050 quanquam
484 2960 534 3045 jus
555 2984 646 3029 suum
665 2966 748 3028 tueri
768 2978 893 3051 queant,
913 2986 971 3051 po·

10 3074 83 3136 tius
104 3084 217 3149 tamen,
239 3092 333 3155 quum
353 3067 598 3141 litessaetentur,
619 3067 784 3148 pecuniam
800 3070 971 3154 syrophan-

10 3179 57 3239 tis
82 3175 242 3260 objiciunt,
263 3185 298 3233 ut
318 3170 488 3233 calumnias
509 3192 619 3233 eorum
637 3165 816 3259 defugiant.
826 3168 874 3233 lbi
889 3172 972 3235 vaiet

10 3279 72 3355 id,
95 3279 181 3363 quod
202 3277 298 3360 vulgo
322 3274 453 3337 dieitur:
479 3275 565 3337 Mau
578 3268 660 3333 musa
681 3268 752 3333 dem
772 3270 880 3336 Teufel
900 3294 968 3338 zaro

10 3382 145 3444 Herzen
165 3378 353 3441 eufateeiten
387 3354 445 3443 ‘Ad
464 3376 548 3439 huno
577 3375 707 3439 modum
727 3373 820 3437 laooh
841 3356 969 3439 offulam

10 3482 124 3546 rufam
146 3483 247 3557 dedit,
269 3495 298 3543 et
319 3501 351 3543 se
372 3502 390 3542 a
411 3481 568 3561 vexatione
588 3472 724 3541 fraterna
743 3474 893 3556 liberarit,
913 3475 970 3562 qui
1005 3482 1008 3487 '

16 3589 59 3651 de
86 3580 339 3672 primogenitura
366 3584 579 3669 gloriabatur,
606 3592 642 3641 at
668 3578 840 3665 posthae
830 3603 864 3643 ιι)
892 3598 969 3663 paea

55 3714 177 3766 Latiaeri
187 3714 238 3786 op,
259 3724 361 3791 exeget.
380 3711 432 3767 vol.
448 3709 492 3767 Vi
643 3694 707 3771 id
