2182 4050
78 128 141 253 illi
240 160 495 248 vigesimum
515 120 728 224 stauridum
750 112 873 239 capnt

36 390 40 397 Ι
80 313 234 380 dentiame
262 311 346 375 hand
375 308 472 374 dubie
501 309 585 372 anina
604 329 677 373 oum
702 303 924 392 indignatione
949 301 1022 369 hant

79 413 265 502 partitmlam
285 413 404 496 adjecit.

160 516 229 579 Noa
251 536 376 603 qnoque
402 522 540 603 nostram
560 511 717 573 miseriam
739 522 770 587 et
787 464 1016 601 imbecillitattn

82 639 296 704 sgrroaoamus.
328 615 411 700 Quia
433 612 515 674 enim
535 611 681 695 primitiis
702 612 789 687 istis,
813 632 892 696 quas
913 612 1014 693 accepi

81 733 163 789 mus,
183 724 343 793 utcunque
363 715 499 771 contenti
520 731 636 786 sumus,
657 733 716 775 nec
737 712 885 794 cupimus
906 709 1013 791 puta

81 836 116 878 re
137 827 167 877 et
187 812 348 898 progredi,
369 831 498 891 prorsus
519 813 665 896 languidi
680 833 788 874 sumus
810 811 852 875 ad
866 811 1012 875 invocatio

83 936 171 990 nem,
193 912 440 987 confessionem,
462 913 635 996 gratiarum
656 917 836 987 senonem,
855 932 912 973 neo
931 910 1015 973 statui-

83 1037 163 1091 mus,
184 1016 390 1096 juramentum
409 1015 468 1077 Dei
487 1035 551 1077 ease
572 1038 697 1093 verum,
719 1019 773 1080 sed
793 1035 1010 1105 magnaeanu-

83 1133 115 1183 ta
136 1119 330 1194 dubitamus,
360 1131 390 1180 et
416 1129 500 1179 tanta
521 1117 648 1201 quidem
676 1131 766 1227 parta
787 1116 914 1181 mentiri
932 1110 1009 1181 nu·

84 1234 116 1285 et
135 1218 241 1282 fallere
262 1217 475 1281 existimamus

164 1323 239 1386 Neu
266 1324 367 1410 igitur
387 1319 590 1403 justificemus
609 1342 690 1399 nos,
720 1321 748 1383 si
774 1320 852 1383 velit
872 1317 1015 1381 uotiuu-

84 1425 211 1511 ingredi
231 1424 265 1486 iu
284 1423 436 1507 judicium
459 1422 560 1486 Deus:
589 1426 646 1511 sed
672 1424 873 1508 humiliemur
898 1416 970 1494 lida,
990 1428 1016 1481 at

85 1545 291 1613 agnoscamus
310 1539 493 1610 peecatum,
523 1526 699 1602 doleamus,
732 1524 822 1610 quod
839 1524 916 1585 istae
934 1520 1018 1585 laeam

86 1643 118 1693 at
138 1631 289 1714 reliquiae
310 1630 430 1714 peccati
450 1627 615 1692 horribiles
640 1627 673 1688 in
693 1627 788 1689 nobis
809 1626 945 1699 haerent,
963 1622 1019 1707 qui

85 1732 145 1794 bus
166 1733 342 1794 mendacem
364 1732 480 1808 Deum,
502 1731 590 1814 quod
609 1729 650 1792 ad
670 1749 729 1791 noa
749 1729 878 1803 attinet,
897 1725 1021 1805 latinae

86 1854 123 1895 ac
144 1832 328 1894 clamemus:
359 1829 506 1893 Miserere
527 1831 605 1907 mei,
626 1832 729 1907 Deus,
757 1831 934 1894 seeundum
949 1850 1022 1915 mag·

88 1957 158 1999 nam
181 1932 424 1999 misericordiam
446 1945 503 1994 eto.
532 1933 661 1995 Dimitte
682 1933 775 1994 nobis
796 1933 903 2015 debita
921 1926 1022 2015 nostin.

169 2036 291 2120 Quodsi
312 2036 507 2118 superbimus
529 2037 568 2098 da
588 2049 694 2098 nostra
708 2035 837 2121 justitia,
859 2048 890 2098 at
909 2034 1022 2119 despici·

89 2130 157 2200 anui
179 2136 287 2200 fratres
315 2136 475 2217 infirmos,
502 2151 621 2202 certum
642 2150 702 2214 eat,
733 2159 793 2201 noa
812 2137 896 2199 nihil
923 2137 957 2199 de
972 2138 1019 2201 ltto

89 2239 230 2302 doctrina
250 2239 431 2325 intelligere.
454 2241 748 2319 Siouthariaaeua,
768 2241 878 2303 Lueae
889 2245 917 2308 7.
937 2238 1017 2323 tart

18 2344 21 2349 ’
90 2342 133 2406 eit
154 2352 183 2404 et
205 2343 330 2405 damnat
351 2345 562 2408 mulierculam
583 2343 799 2429 peccatricem.
821 2342 888 2405 Sed
900 2343 1017 2407 etstan

91 2458 199 2507 contra
221 2447 369 2528 opponit:
392 2446 436 2508 Te
456 2448 560 2530 ipsum
582 2466 682 2508 nosce.
705 2445 755 2507 Tu
773 2468 841 2509 non
863 2446 960 2511 maffia
975 2444 1019 2509 ni

90 2546 155 2608 hi
144 2548 260 2641 juranti
280 2550 542 2634 etoppignoranti
559 2550 747 2633 majestatem
767 2569 888 2611 meant:
909 2548 943 2611 id
955 2570 1018 2611 sun·

90 2673 177 2711 mum
207 2662 365 2732 peccatum
387 2665 448 2727 eat3
479 2674 545 2714 non
573 2652 669 2714 habea
689 2672 739 2713 me
767 2672 829 2735 pro
850 2651 938 2730 Dec,
959 2649 1017 2727 iao}

91 2751 148 2814 tibi
170 2751 315 2832 sculptile
337 2774 372 2814 ex
392 2755 531 2837 propria
527 2767 595 2817 tua
615 2751 741 2834 justitia.

171 2855 251 2916 Tum
280 2852 313 2926 *)
348 2852 486 2937 perfecta
520 2854 577 2917 erit
606 2851 719 2916 fiducia
754 2864 879 2931 notua,
912 2858 1015 2941 quanda

92 2958 325 3026 sitammam,
354 2955 459 3036 gloria
486 2969 516 3019 et
535 2954 726 3041 ignominia,
753 2975 805 3020 rea
837 2958 1017 3025 sdversaaat

92 3059 246 3123 secundae
268 3052 358 3116 nobis
379 3055 464 3136 juxta
483 3057 603 3122 fuerint.
625 3058 661 3121 Id
681 3042 756 3122 vero
778 3062 1018 3143 nontpecnlatio·

92 3162 184 3224 nibus
207 3176 424 3240 assequamur,
451 3161 505 3221 sad
531 3161 563 3223 in
593 3164 762 3228 tentatione
789 3176 821 3226 et
848 3163 1020 3231 manuatim·

92 3264 271 3326 discendum
292 3261 360 3322 erit.
398 3260 474 3323 Non
496 3263 576 3324 enim
599 3262 769 3349 disputatio
788 3264 842 3328 hic
863 3278 910 3328 eat
929 3266 966 3329 de
981 3288 1021 3331 tt·

92 3367 227 3428 cabulis:
257 3366 344 3429 Deus
368 3377 413 3425 est
434 3364 563 3441 verita03
595 3367 649 3429 aed
671 3367 710 3429 da
728 3367 842 3430 rebus:
868 3369 954 3433 Deua
971 3391 1021 3433 not

93 3467 255 3543 mentitur,
284 3471 393 3551 jurano
414 3482 444 3531 et
462 3471 646 3553 promittens
666 3483 787 3535 summa
805 3472 909 3553 hona,
934 3474 1023 3551 vitan,

92 3582 290 3599 *—

126 3623 155 3696 *)
175 3623 206 3680 ln
223 3625 297 3682 editt.
315 3642 434 3704 posterr-
467 3626 539 3682 'ium
554 3630 674 3711 autem.
693 3628 698 3638 '

505 3792 692 3848 χ..
