2182 4050
76 132 81 171 ¹
496 148 730 239 genesis·
881 172 891 231 ¹·
998 150 1063 221 tat

76 260 85 329 l
108 298 235 364 litatem
255 297 399 374 deorum,
418 306 450 360 et
467 307 530 359 tres
551 298 627 363 deos
648 295 822 360 muamus.
861 292 969 383 ltaque
982 300 1061 399 glo'-

76 386 244 482 riantur,
265 422 298 466 ss
318 422 386 497 esse
404 374 575 487 populum
575 400 644 477 Dei,
666 399 771 461 ornari
792 401 899 465 multis
918 401 1060 489 praeela-

76 481 137 535 '³'
76 506 155 639 Esis
183 504 322 569 victoriis
350 516 400 566 et
409 504 523 588 opibus
550 505 646 570 totius
674 492 783 565 muntii
793 509 901 592 ,quis
931 510 1060 575 eradant

76 594 212 672 Eunum
231 608 352 672 Deums
383 627 443 671 uos
470 621 573 670 autem
593 619 641 669 tot
669 551 813 670 cladibus
830 609 958 675 afflictos
980 635 1059 691 essa,

76 712 185 842 quia
206 712 313 798 plures
335 710 408 801 ‹leos
428 707 599 795 fingamus3
627 708 763 794 ideoque
782 727 893 777 vocant
912 735 970 777 nos
990 714 1059 781 idu-

76 799 222 894 Ἰῆται,
246 828 277 878 et
296 792 489 876 horribiliter
507 812 723 894 blasphemant
742 809 862 878 Filium
882 814 959 893 Del,
979 812 1058 881 sieut

76 936 221 983 omues
242 938 351 980 eorum
370 904 516 977 historiae
536 925 694 976 testantur.
714 912 878 980 Munieutli
893 939 969 1005 ergo
984 932 1058 982 sunt

100 1017 205 1082 animi
225 1019 372 1082 adversus
400 1017 473 1080 istas
492 1016 690 1100 blasphemas
711 1036 822 1094 voees,
852 1030 883 1083 et
909 1020 1056 1106 gloriam,

99 1134 141 1185 ut
160 1122 275 1185 rationi
294 1133 440 1206 sppsset,
459 1117 551 1182 nimis
571 1140 675 1182 veram
696 1131 727 1181 et
750 1120 962 1204 plausibilem,
984 1125 1056 1209 quie

101 1225 317 1289 certissimum
339 1235 394 1299 est,
414 1242 473 1284 nos
494 1221 618 1285 eredere
639 1222 826 1285 unissimum
846 1236 876 1286 et
892 1225 1057 1310 simpliois'-

101 1326 223 1391 simum
244 1326 357 1390 Deum.
397 1324 460 1391 Sed
482 1326 569 1411 quod
589 1325 692 1389 'l'uroa
719 1338 859 1388 nostram
886 1325 980 1389 fidem
1001 1339 1055 1390 aut

101 1429 281 1494 doctrinam
310 1450 373 1492 uon
392 1440 478 1492 recte
496 1427 630 1511 accipit,
649 1450 707 1493 nee
727 1428 827 1506 audit,
849 1429 919 1512 quis
939 1429 979 1492 sit
998 1430 1054 1494 ille

97 1524 188 1597 uuus
214 1545 244 1596 et
272 1532 520 1618 simplicissimus
541 1532 644 1608 Deus,
671 1531 733 1594 hoe
759 1532 856 1615 ipsias
887 1532 981 1616 eulpa
1007 1530 1056 1610 fit,

98 1644 306 1707 uounostra.
347 1632 423 1696 Non
445 1632 547 1696 solum
568 1634 649 1697 euim
680 1633 826 1696 docemus
847 1646 877 1696 et
898 1633 1052 1697 oredimus

98 1760 218 1817 uuum,
238 1738 292 1800 sed
311 1735 540 1820 simplicissime
560 1735 755 1819 simplicitate
776 1747 806 1798 et
818 1734 969 1798 unissima
982 1732 1053 1796 uni-

98 1852 186 1919 tate3
221 1863 291 1925 nou·
315 1840 481 1904 dividimus
508 1839 584 1902 istos
613 1853 676 1901 tres
705 1840 845 1915 Patrem,
871 1836 991 1899 Filium
1008 1847 1053 1899 -et

95 1940 259 2028 Spiritum
280 1934 429 2005 sanetum.
470 1938 549 2003 ΝοιιΙ
565 1938 696 2003 facimus
718 1941 855 2004 diversos
876 1941 967 2021 deos,
994 1941 1052 2004 sed

97 2043 254 2109 unissime
273 2069 373 2107 uuum
394 2058 424 2107 et
444 2042 708 2128 simplicissimum
722 2046 823 2109 Deum
844 2042 1008 2123 oredimus.

161 2144 165 2151 '
185 2146 328 2211 sednon
343 2132 489 2232 intelligo
505 2148 593 2224 haee,
613 2148 735 2230 inquiet
755 2145 877 2231 aliquis.
898 2143 982 2205 Bene
994 2152 1050 2217 est,

97 2270 162 2313 usu
182 2249 278 2314 debes
293 2250 477 2335 intelligere.
498 2248 567 2311 Noa
583 2252 737 2314 credimus
751 2271 847 2314 unum
859 2246 970 2320 Deum,
993 2245 1050 2329 qui

99 2365 209 2435 tamen
230 2352 268 2414 ds
297 2374 329 2415 ss
348 2352 438 2436 loqui
459 2363 489 2415 et
516 2372 680 2416 numerare
705 2375 738 2416 se
764 2348 938 2438 pluraliter
960 2350 1050 2428 solet,

101 2458 184 2519 siout
211 2472 321 2536 supra,
350 2452 472 2535 quoties
493 2451 610 2515 dietum
631 2468 691 2517 est:
724 2456 787 2533 „ln
814 2452 1007 2515 seminatae
1016 2458 1049 2528 “‚

99 2558 147 2621 ibi
167 2578 274 2620 semen
294 2554 385 2628 illud,
407 2554 478 2639 quia
499 2568 545 2617 eet
565 2554 631 2617 siue
651 2570 797 2640 peceato,
819 2568 849 2619 et
864 2565 1049 2639 potestatem

101 2681 232 2745 quoque
246 2658 339 2719 habet
356 2658 533 2721 destruendi
550 2671 722 2741 peecatum,
744 2657 915 2722 necessario
935 2669 964 2718 et
977 2676 1048 2719 vers

101 2776 149 2825 est
169 2762 265 2825 Deus.
287 2758 337 2822 Ao
358 2759 489 2823 eundem
516 2760 646 2837 modum
667 2762 752 2823 Deua
780 2761 840 2823 hoo
859 2759 932 2821 loeo
951 2770 1048 2822 'voea-

99 2878 169 2928 tur=
198 2862 281 2942 „Dii
300 2860 495 2925 Abraham“;
534 2860 603 2925 Neo
625 2884 783 2924 moramur
802 2864 878 2925 istos
898 2861 995 2923 boses
1016 2873 1049 2924 et

99 2950 220 3043 's'siuosJ
238 2964 357 3028 'l'urooa
379 2978 410 3027 et
427 2962 567 3043 ludaeos,
588 2965 641 3050 qui
663 2967 778 3040 dicunt,
799 2987 831 3027 se
852 2964 972 3026 ratione
992 2963 1048 3024 hn-

97 3090 192 3133 mana
212 3090 277 3131 non
297 3064 561 3151 pusse'aasequi3·
582 3088 683 3152 neque
712 3068 793 3129 enim
815 3066 945 3143 debent,
975 3086 1046 3129 oum

97 3184 243 3238 mustent
260 3190 310 3231 ree
330 3183 431 3232 tantae
451 3170 642 3234 revelatione
663 3170 774 3234 divine.
905 3240 910 3249 ¹

157 3276 306 3341 „Deinde
333 3275 358 3338 si
379 3275 559 3369 diligeptius
588 3274 663 3336 haee
690 3273 785 3335 verba
810 3269 1045 3354 inspexerimus,

92 3378 296 3455 videbimus,
323 3380 413 3442 etiam
433 3376 547 3463 colligi
572 3376 646 3438 inda
674 3394 766 3459 posse
784 3373 1045 3438 resurrectionem

90 3494 306 3545 mortuorum.
348 3480 394 3544 Ut
429 3482 512 3544 enim
546 3478 675 3565 'vulgato
708 3476 879 3562 proverbio
914 3474 1043 3538 dieitur:

90 3580 284 3667 Principum
302 3582 408 3647 literas
428 3597 477 3647 tet·
498 3582 740 3667 esse'l'egentlas',
760 3582 802 3645 ita
822 3580 922 3645 multe
944 3566 1043 3666 magis
