2182 4050
121 174 184 239 276
306 162 559 251 vigesimum
579 178 733 228 sartum
756 118 888 250 eapti

123 320 214 404 ginta
232 316 364 389 dieram,
386 315 465 378 aient
487 316 526 379 de
546 316 621 381 Elia
641 318 816 402 proditum
834 314 910 377 eati
941 315 1053 387 Primae

122 445 196 487 vero
218 420 398 485 Indaeorum
420 416 603 501 opinionem
630 421 788 503 cyniram
815 437 950 500 prorsus
967 423 1054 504 rejio's⁴
1090 487 1091 490 ,

123 546 202 587 mus.
229 523 347 586 Dicunt
366 519 448 583 enim
468 518 559 603 porei
579 518 803 603 impurissimi,
826 521 915 584 Isaac
935 516 1001 585 cnm
1018 525 1056 587 iia

124 627 217 690 bocca
254 623 461 687 concubuisse
496 623 614 706 palam,
651 624 855 708 adspiciente
886 623 1056 689 Abimelaeb:

122 726 229 809 qnasi·
243 726 453 791 aanotissirnus
473 727 564 813 Pater
593 724 685 791 faerit
705 725 859 812 Cynicus
890 739 947 788 ant
972 727 1058 815 Dioge

123 852 188 906 naa,
209 827 318 912 quiin
338 829 441 912 platea
454 850 642 917 congressus
662 832 704 894 sit
721 852 802 893 cnm
819 848 932 890 uxore.
953 825 1060 911 Spidtn

125 944 249 995 sanctus
269 927 349 994 solet
368 944 473 1016 tegare
494 946 526 997 et
546 948 659 996 ornare
669 933 705 1006 *J
726 932 893 1014 copulam
901 931 1061 1011 ‘maritatam

124 1018 358 1117 ncnprodnoit
376 1034 409 1095 in
438 1037 653 1120 propatulum.
695 1035 740 1099 Et
771 1035 885 1118 major
905 1037 1062 1099 verecundia

124 1137 339 1202 tuitionem
359 1136 558 1215 etRebaeoa,
579 1162 673 1222 qnam
693 1151 730 1201 nt
752 1152 822 1201 tana
844 1138 1003 1223 inaignem
1017 1150 1063 1201 tan·

122 1242 301 1335 pitndinem
322 1243 557 1305 committerent.
579 1240 714 1311 Ednnati
735 1241 828 1304 enim
852 1251 931 1303 aunt
950 1237 982 1300 in
998 1238 1062 1303 tino

123 1366 159 1408 rs
177 1355 208 1409 et
227 1346 397 1408 reverantia
417 1343 492 1420 Dei,
522 1356 552 1407 et
572 1342 802 1407 intellexerunt
830 1352 999 1424 peccatum
1020 1343 1063 1405 oti·

125 1448 240 1533 ginale,
260 1468 324 1532 quo
342 1444 547 1510 deformatum
559 1462 605 1510 ast
618 1445 844 1532 generationis
856 1465 953 1527 opus.
973 1442 1063 1527 Quen

124 1550 234 1611 obrem
252 1547 287 1612 id
305 1547 407 1611 volnit
426 1549 578 1613 manandi
593 1550 691 1625 Dens,
711 1561 746 1611 at
768 1548 907 1611 ornavit
926 1547 1063 1613 restituat

123 1653 256 1738 nuptiia3
278 1648 452 1715 foeditatem
474 1664 573 1715 antem
593 1648 758 1714 bestialem
780 1649 974 1713 detestatur.

203 1755 317 1816 Textna
343 1768 446 1819 antem
468 1755 658 1834 subindicat,
690 1757 717 1819 si
739 1753 997 1819 circumstantias
1013 1752 1061 1817 ddi

123 1869 231 1942 genter
250 1857 437 1933 consideres,
459 1879 496 1921 ex
516 1879 658 1923 moerore
678 1859 781 1922 animi
802 1871 839 1920 et
863 1858 997 1941 quadam
1011 1876 1056 1940 pm

122 1958 297 2021 turbatione
318 1973 419 2023 ortum
440 1961 531 2023 iatum
553 1963 675 2038 ludum,
696 1960 802 2046 magis
822 1982 928 2044 qnam
948 1980 981 2023 ex
997 1960 1056 2021 lasti·

123 2064 190 2126 riae
216 2063 386 2146 praecipue
404 2065 436 2126 in
459 2064 617 2139 Rebecca,
647 2086 726 2148 qnae
750 2076 801 2125 tot
825 2062 928 2125 malis
954 2083 985 2124 ac
1000 2061 1058 2123 cala·

123 2162 283 2228 mitatibua
296 2187 394 2250 paene
414 2164 508 2230 fracta
524 2166 600 2230 dixit
615 2165 754 2229 fortassis
776 2166 820 2228 ad
838 2168 994 2229 maritant
1007 2162 1053 2239 db,

122 2268 165 2331 mi
185 2268 285 2347 lsaao;
307 2270 397 2346 ride,
419 2290 481 2352 qno
503 2267 619 2331 redacti
640 2270 755 2331 simus:
779 2292 888 2354 quam
911 2268 1003 2330 mirere
1017 2286 1054 2327 er·

44 2422 51 2437 ,
121 2390 226 2432 ramns
246 2367 280 2431 in
298 2381 390 2432 terra.
420 2369 507 2434 Sioct
525 2392 604 2432 uxor
622 2371 707 2433 Hiob
729 2372 856 2434 marito
880 2370 1055 2434 calamitatem

121 2472 302 2556 exprobrat:
325 2472 490 2546 „Benedie
502 2472 649 2547 Domino,
669 2485 700 2535 et
714 2481 881 2538 morere“
903 2487 959 2538 eto
977 2471 1054 2549 (Hiob

121 2583 151 2649 2,
169 2580 222 2645 9.).
243 2574 295 2636 Eri
313 2574 392 2636 dnos
408 2571 490 2637 titios
511 2573 672 2646 babemus,
693 2593 769 2636 oves
789 2574 875 2639 item
896 2590 927 2639 et
946 2576 1052 2661 jumenta

121 2700 191 2740 oum
213 2673 347 2754 familia,
368 2699 472 2740 snmus
492 2674 651 2761 peregrini
671 2688 703 2739 et
723 2687 881 2755 extorres,
902 2692 935 2743 ct
952 2678 1051 2761 iemps

120 2777 325 2863 prohibemur
343 2779 469 2864 ingredi
489 2780 683 2862 Aegyptum:
715 2779 781 2862 jam
813 2802 893 2846 varo
915 2782 1000 2847 etiam
1015 2801 1051 2845 ao

120 2905 191 2945 men
211 2878 355 2964 conjugis
375 2878 493 2941 amitto.
515 2878 600 2943 Haeo
614 2893 696 2944 certe
717 2895 899 2964 potnerunt
920 2862 1050 2953 venirat

120 2994 252 3049 mantem
273 2980 397 3045 mulieri
418 3003 482 3044 non
504 2982 578 3044 satis
600 2982 771 3061 animosae,
794 2998 829 3048 et
850 2986 1049 3052 iactantiam

118 3082 333 3172 indignatione
355 3094 385 3145 et
404 3078 596 3166 impatientia
616 3084 648 3145 in
669 3080 753 3150 bisce
767 3089 874 3152 malis.
898 3088 979 3174 Onia
991 3087 1049 3152 enin

118 3200 225 3272 posset
245 3185 303 3249 ista
323 3184 402 3247 ferre
430 3185 497 3247 sine
519 3185 664 3273 gemitu?
702 3187 780 3252 Ideo
809 3204 848 3254 nt
876 3193 1049 3259 confirmaret

118 3315 186 3355 eam
207 3291 302 3365 lsaan,
323 3282 403 3349 forte
425 3288 583 3369 amplexas
605 3303 636 3351 et
656 3292 821 3354 osculatos
837 3308 892 3356 est
911 3317 989 3370 eam,
1007 3296 1050 3377 jue

118 3394 157 3456 sit
178 3415 244 3457 eam
265 3394 350 3454 bono
372 3389 477 3452 animo
500 3413 581 3453 esses
604 3392 674 3454 Mea
696 3394 861 3475 Rebecca,
883 3394 965 3460 feras
982 3397 1049 3459 istan

117 3497 318 3558 calamitatem
340 3495 502 3572 patienter.
545 3494 629 3556 Dens
650 3501 798 3579 apparuit
819 3499 925 3573 mibi,
950 3513 979 3563 et
995 3519 1049 3582 pro

116 3597 202 3658 misit
223 3595 314 3658 nobie
336 3593 553 3661 liberationem
573 3611 604 3661 et
618 3596 857 3697 defensionem
887 3602 946 3665 Sia
964 3622 1047 3685 posto

117 3694 320 3710 ..n-uu*-

201 3713 280 3769 Edit.
295 3710 386 3786 price.
403 3728 520 3764 crare.
