2182 4050
344 64 351 79 i
452 42 645 189 'gaarmaia¹
922 78 1016 175 '¹151

49 271 126 313 nor.
166 249 294 311 Eadem
332 251 417 313 enirn
446 266 519 314 aunt
554 251 680 315 artificia
708 234 839 315 Satanae
867 255 1015 324 omnibus

68 352 270 436 temporihua.
293 338 451 427 Saraceni,
472 369 507 415 ut
530 356 599 430 dixi,
622 355 798 441 gloriantur
819 356 856 416 de
872 356 1014 436 lamuelis,

68 473 93 520 et
109 479 173 518 uon
196 457 316 529 vident,
338 455 422 514 illam
445 458 579 542 gloriam
593 480 649 540 per
666 460 1013 522 excommunicationem

66 563 213 623 redactam
235 560 270 619 in
293 556 435 618 nihilum.
478 559 620 620 Gloriam
647 559 756 620 volunt
777 561 928 625 haberer
950 584 1012 624 ma-

67 664 198 748 joribus,
219 681 287 733 non
310 661 462 742 spiritum.
505 663 557 726 Sia
577 664 680 725 ludaei
703 685 838 745 quoque.

140 785 200 849 Sed
229 785 415 847 conclusum
438 799 500 863 eat,
529 804 673 870 posterna
706 801 849 869 oportere
871 789 1010 851 eundem

75 892 215 974 spiritum,
237 890 370 951 eandem
391 887 483 950 iidem
506 903 535 951 et
555 891 793 972 promissionem
816 890 937 965 habere,
960 888 1011 950 vel

71 1017 125 1057 non
145 1003 219 1055 eunt
239 989 299 1051 filii
321 991 397 1052 Dei„
411 991 465 1051 Ma
486 998 610 1072 opo‘rtat
632 991 744 1050 habore
765 990 866 1064 fidem,
889 1004 918 1051 et
938 989 1010 1052 reti·

69 1116 133 1157 uere
160 1093 410 1168 confessionem,
443 1115 535 1177 quum
557 1092 665 1153 habuit
694 1091 819 1166 Petrus,
851 1105 903 1153 aut
931 1090 1009 1153 nihil

24 1258 31 1269 ,
72 1218 138 1271 aun,
158 1195 184 1254 ai
205 1194 302 1255 etiam
324 1196 408 1277 l’apa
430 1218 507 1255 sum.
551 1193 602 1256 Sio
624 1195 749 1257 ecelesia
776 1196 868 1256 habet
890 1195 1011 1256 diverte

17 1290 23 1295 ⁸
73 1300 159 1371 doua3
185 1298 245 1358 aed
265 1298 436 1359 estendam
458 1295 550 1369 fidas,
572 1317 661 1378 epea,
691 1297 814 1370 caritas,
836 1319 915 1379 quae
937 1317 1008 1358 eou-

10 3872 20 3903 l

72 1399 248 1488 glutinatio
268 1420 334 1461 uuo
357 1400 457 1479 eapite
479 1396 603 1459 Christo
627 1418 733 1458 omnes
759 1399 927 1459 credentes.

137 1525 171 1587 lu
191 1520 261 1587 fi'rre
277 1523 418 1584 meminit
439 1523 547 1584 Moses
572 1523 683 1587 deserti
708 1522 836 1595 Pharan,
857 1533 891 1582 ut
912 1520 1008 1606 rigui·-

73 1627 138 1705 fiert,
156 1626 347 1711 ejectionem
368 1646 434 1687 non
454 1624 729 1687 fuioaoiustitutarn
748 1624 781 1682 in
795 1624 1007 1703 perditionem

74 1730 199 1793 lamuelis
246 1726 373 1789 Pharan
395 1725 476 1788 enim
504 1727 604 1789 vicina
625 1738 670 1785 est
693 1723 861 1787 Beeraabae
891 1737 922 1786 et
943 1722 1005 1786 Ge·

10 1820 36 1865 ¹⁸³
75 1858 131 1908 rar,
149 1834 181 1895 iu
201 1829 322 1893 finibus
350 1840 447 1890 terrae
468 1841 606 1902 nanctae,
637 1825 766 1889 finitima
794 1826 889 1887 tribui
917 1826 1005 1900 ludu,

77 1936 139 1997 sicut
156 1954 188 1997 ex
207 1933 298 1994 libro
321 1930 528 1992 Numerorum
555 1941 649 2013 patet.
690 1930 765 1990 Non
787 1930 886 2016 igitur
905 1929 1005 2014 longo

69 2038 162 2100 itinere
181 2036 225 2098 ab
246 2032 393 2095 Abrahae
415 2033 509 2094 domo
532 2032 678 2095 habitarit
698 2033 817 2094 lamuel.
853 2080 856 2087 .

133 2159 236 2244 lgitur
258 2148 348 2219 aliam
378 2155 487 2217 vicinia
509 2159 657 2232 ostendit,
679 2155 839 2219 lamatilem
869 2151 1007 2215 reconoi-

61 2262 159 2323 liatum
192 2281 262 2322 esee
292 2281 364 2323 oum
391 2270 477 2338 patre
506 2260 683 2325 Abrahamo
714 2275 743 2319 et
773 2258 840 2339 ejus
868 2253 1007 2329 ecelesia,

60 2372 235 2448 quanquam
260 2361 388 2444 posteri,
409 2373 443 2422 ut
463 2358 506 2436 fit,
527 2361 675 2444 partiatim
698 2363 975 2446 degeneraverunt.
993 2446 1002 2477 ς

122 2496 319 2563 'Notandum
334 2517 460 2578 quoque
481 2510 536 2571 est,
558 2498 645 2579 quod
655 2497 761 2558 Moses
778 2496 891 2557 diserte
907 2503 1008 2552 ostan-

59 2598 116 2673 dit,
135 2597 301 2661 lamuelem
329 2598 451 2659 duxissa
481 2619 626 2678 uxorem3
657 2620 721 2659 non
752 2609 889 2658 secutum
920 2616 1007 2656 auam

58 2703 260 2776 voluntatem,
292 2701 347 2762 aad
374 2702 587 2764 auctoritatem
616 2701 737 2774 matris,
764 2698 802 2759 ad
831 2695 1007 2779 exemplum

54 2802 195 2865 omnium
215 2803 363 2886 juvenum
386 2816 415 2864 et
436 2804 631 2886 puellarum,
660 2815 695 2863 ut
715 2815 878 2883 parentum
902 2812 1006 2862 auoto-
1053 2800 1055 2805 ’

59 2904 173 2966 ritatem
201 2907 387 2987 praesertim
421 2906 457 2966 in
486 2907 693 2968 contrahendo
730 2903 929 2966 matrimonio
962 2922 1007 2964 te-

63 3018 198 3087 quautur,
221 3028 283 3087 nep
303 2994 595 3090 contrapareutum
612 3010 802 3071 voluntatem
823 3006 1007 3089 indulgeant

64 3109 117 3170 auia
138 3108 298 3171 affectibus
314 3121 343 3170 et
357 3111 586 3193 cupiditatibus.
610 3111 746 3170 Dederat
763 3110 904 3192 Angelus
925 3131 1007 3171 man·

67 3209 188 3277 datum
178 3211 241 3291 apsi
263 3211 390 3296 Hagar,
420 3226 454 3274 ut
484 3224 606 3274 curaret
634 3210 749 3285 filium,
781 3212 955 3271 institueret
976 3224 1007 3274 et

67 3313 254 3397 gubernaret
275 3312 378 3397 igilur
400 3314 502 3375 diviua
523 3335 598 3377 voce
618 3315 743 3398 jubetur
757 3312 884 3373 obedire
906 3312 1006 3403 matri,

10 3426 134 3499 quae
152 3437 279 3478 uxorem
309 3417 337 3477 ei
366 3416 480 3498 accipit
501 3438 538 3478 ax
563 3428 646 3478 terra
667 3415 819 3498 Aegypti,
847 3435 882 3476 eo
911 3398 1006 3493 fitius,

10 3532 95 3583 ¹¹tt
110 3520 202 3597 derat,
224 3519 337 3583 metris
358 3520 475 3604 judicio
498 3533 528 3582 et
548 3517 700 3583 voluntati
723 3518 917 3604 obsequitur.
