2182 4050
127 168 191 269 {tssd
272 126 905 277 ΙΙῐ-’ὶμιίοιιιιοιοιοοιιισαροῖ
992 182 997 199 ·

128 317 179 378 An
199 329 279 380 esset
299 328 459 401 peceatum
479 316 587 389 ludere
608 340 678 382 cnm
700 337 812 381 uxore
834 316 978 381 Aesalds
992 321 1056 386 mira

128 419 185 481 bar
204 420 441 484 Beneventum
461 420 663 498 sentmtiam,
691 421 749 502 qui
779 416 844 483 finit
872 420 956 489 intec
975 421 1075 509 ltlotu¹

129 522 447 599 oboesanctissimue,
469 544 541 586 cum
562 523 655 586 dieite
671 520 754 593 ¹Nun
769 532 821 583 est
837 522 902 587 boo
915 540 1060 607 peecatum,

128 623 247 706 siquis
267 623 545 707 ambiataaliquam
571 623 607 685 in
627 646 779 702 morem,
808 626 880 689 imo
911 645 982 686 vete
1005 624 1062 689 licet

126 724 216 787 Non·
230 726 327 813 igitur
355 726 394 788 de
424 728 484 789 boc
508 727 752 810 disputandum,
790 739 849 789 aut
882 725 1063 793 dubitantia

127 840 182 903 ast
209 825 292 891 Dicit
312 828 398 902 item,
419 825 512 890 licere
532 831 643 895 marito
662 829 763 912 jocari
786 850 866 891 eum
887 847 995 889 uxore.
1013 827 1065 913 liga

126 930 226 1017 longe
245 931 338 993 aliam
359 931 538 994 sententiam
565 948 596 996 et
614 933 715 1016 ipsius
736 926 947 1015 professione
968 926 1066 1013 dignis

126 1054 194 1097 reni
215 1030 446 1116 exspectabam,
477 1035 550 1118 quia
570 1058 634 1099 non
654 1036 745 1099 aliter
769 1054 810 1099 ac
831 1030 948 1095 ludaei
966 1029 1020 1095 ista
1034 1033 1068 1095 in·

125 1122 352 1221 terpretaptns,
372 1136 570 1220 accipiebam.
907 1126 911 1135 ’

169 1302 172 1311 ,
209 1236 274 1303 Vos
302 1235 417 1321 igitur,
445 1238 673 1317 adolescentes,
703 1240 762 1324 qni
795 1236 945 1303 crescitis
969 1239 1025 1321 jan
1040 1240 1070 1303 ad

125 1341 229 1406 lotura
250 1338 400 1425 conjugit
419 1355 451 1408 et
471 1342 768 1429 publicanegotia,
798 1352 908 1405 estote
929 1341 1008 1425 grati
1024 1362 1070 1424 pro

125 1446 235 1519 divina
252 1445 323 1509 lnce
345 1456 377 1506 et
395 1444 622 1521 benedictione,
641 1445 884 1527 quodecimue,
901 1442 1068 1527 'conjuginm

126 1572 193 1621 ease
212 1570 280 1615 uam
301 1546 622 1624 umen,=,2et‹,lioece,
645 1549 737 1617 nobit
759 1549 894 1623 ridere,
917 1547 1027 1613 tntae
1048 1560 1071 1610 et

41 1710 45 1719 ,
126 1650 297 1737 mplexari
316 1661 445 1757 naenig
457 1636 617 1747 coblugeti
637 1654 704 1717 sict
721 1653 842 1727 nuda,
866 1650 936 1714 sire
956 1650 1068 1725 casune:

124 1768 247 1819 tantam
264 1753 308 1819 ab
327 1750 410 1815 aliis·
424 1751 777 1831 &clipeumue-..ilaec
807 1753 912 1818 nobie
938 1750 1069 1836 insignes

125 1857 374 1921 consulationem
393 1853 539 1927 efferum„
553 1859 703 1927 ‚ametis
731 1862 799 1923 buc
820 1869 856 1919 et
878 1854 1065 1919 testimoninm

125 1958 307 2034 divi‘Pauli,
326 1957 385 2042 qni
404 1954 532 2033 amabi,
545 1957 654 2037 vellet,
667 1985 726 2025 nos
747 1962 785 2027 in
804 1970 920 2023 totum
941 1958 1065 2021 abatiam

123 2084 144 2126 a
165 2061 334 2146 conjugio,
361 2072 396 2121 ut
424 2077 495 2120 caro
518 2061 632 2127 munda
661 2078 758 2142 esset,
791 2078 910 2128 nmen
938 2063 1067 2148 indulget,

125 2165 199 2250 quis
220 2162 307 2227 Deus
327 2161 482 2248 indulget.
569 2226 583 2235 ,,

148 2298 172 2339 ·,
204 2263 268 2329 Sed
287 2265 368 2326 sumi
395 2263 466 2326 inde
487 2263 660 2337 admonitio
687 2267 726 2330 de
755 2267 924 2332 modoetia
945 2279 971 2328 et
986 2266 1063 2328 conti·

124 2368 228 2433 nentia
249 2369 420 2453 conjugum
440 2375 551 2450 potest
593 2366 730 2448 Quidam
763 2371 857 2432 enim
887 2369 1064 2453 usqueadeo

123 2473 215 2557 pomi
235 2483 318 2546 eunt,
337 2480 373 2530 ut
394 2465 516 2550 quidvis
538 2466 595 2529 sibi
615 2468 649 2529 in
668 2469 825 2553 conjugio
847 2492 926 2533 cum
940 2470 1063 2533 uxoribus

123 2576 218 2641 licere
239 2585 358 2658 putant.
398 2570 448 2633 llli
469 2572 559 2634 valde
579 2581 698 2633 emant:
728 2591 767 2633 ac
789 2573 917 2649 sciant,
943 2573 999 2636 sibi
1015 2586 1064 2633 tan

124 2690 192 2741 tum
212 2675 364 2738 indultam
385 2693 450 2737 esse
468 2674 564 2737 istam.
580 2672 723 2735 miseram
744 2677 951 2758 voluptatem
972 2688 1000 2737 et
1017 2697 1063 2737 sm-

16 2830 20 2835 .
123 2780 261 2865 plexum,
283 2797 347 2839 non
363 2789 512 2860 tanquam
530 2796 627 2857 purus
643 2775 682 2836 eit
696 2777 728 2836 in
747 2797 846 2840 mune
870 2777 977 2851 (ambo
997 2776 1062 2839 enim

124 2883 279 2967 conjuges
299 2892 371 2942 sunt
390 2875 496 2941 infecti
516 2891 645 2960 peccato
666 2879 820 2966 originis,
851 2894 883 2942 et
904 2879 1014 2941 morbo
1039 2900 1062 2941 aa

122 2983 231 3049 furam
261 2980 561 3065 concupiscentiae),
591 2982 645 3044 sed
674 2982 747 3063 qnia
769 2982 852 3047 dixit
873 2980 978 3045 Deua:
1005 2980 1062 3041 Noa

121 3089 284 3171 imputabo
305 3084 365 3147 tibi
384 3084 473 3147 istam
493 3082 719 3166 impuritatem
742 3085 843 3149 modo
865 3104 991 3149 mancas
1008 3104 1061 3145 cun

122 3189 297 3273 adjutorio,
326 3187 412 3270 quod
433 3197 479 3249 est
499 3206 602 3257 conam
622 3198 660 3249 te.
703 3185 844 3271 Oportet
865 3209 965 3273 ergo,
989 3200 1023 3249 ut
1037 3188 1061 3250 in

121 3294 295 3357 reverentie
317 3302 346 3353 et
366 3289 476 3349 timore
496 3287 558 3357 Dei
577 3287 723 3353 vivamus..
765 3291 841 3376 Ego
869 3292 1000 3377 quidem
1019 3312 1062 3375 pu

122 3394 348 3478 indulgentiam
372 3389 505 3455 divinam
526 3388 626 3452 babeo
639 3411 780 3469 uxorem,
799 3393 860 3457 scd
881 3406 987 3456 umen
1005 3413 1061 3477 pec·

122 3509 224 3568 catum
245 3496 341 3557 estin
363 3496 525 3578 utriusque
546 3514 646 3587 capue.
687 3493 747 3555 illa
766 3492 862 3560 sceda
889 3495 989 3558 libido
1009 3516 1060 3559 non

123 3612 168 3662 eat
187 3599 289 3673 bona;
309 3619 489 3684 quanquam
510 3596 593 3659 enim
613 3597 795 3665 naturalitas
811 3598 947 3663 maritus
966 3601 1059 3664 melio
