2182 4050
436 153 616 242 genesin.
804 168 820 187 ··
940 153 1001 221 345

25 303 280 395 ,ἱφοηῐοοιίοηοω
300 304 438 389 peooeti,
458 316 488 367 et
508 301 698 389 agnitionem
719 299 841 364 divinae
860 299 1003 388 benigni·

45 410 126 473 tatia
147 423 179 474 et
199 411 318 496 gratiae
337 407 372 470 in
392 407 484 471 leaeo.
522 405 598 469 Fuit
618 405 699 469 enim
719 405 819 468 adhue
839 405 872 467 in
887 426 924 467 aa
938 407 1004 487 opi·

45 514 170 590 niune,
191 513 332 577 nondum
353 532 407 575 eoa
428 511 487 575 eibi
509 510 735 584 reconciliatoa,
755 509 810 570 aed
831 507 932 573 adhue
948 507 1003 567 ho·
1034 576 1038 585 Ι

45 631 117 681 ate·
135 612 225 693 eoae-3
246 616 316 681 ideo
336 614 438 697 inquit
457 612 655 677 Abimeleohz
676 611 751 675 Non
771 610 853 673 male
873 610 929 673 tibi
951 632 1004 672 ou·

45 719 181 805 pimus,
210 718 239 779 si
265 715 394 801 quidem
415 714 547 779 videndo
567 718 725 792 videmnn,
751 715 838 797 quod
860 713 942 775 Deua
963 726 1005 775 te-

47 844 129 887 onm
149 823 208 897 eit,
229 833 259 884 et
278 840 337 881 noa
358 836 488 901 quoque
507 831 611 881 teonm
624 836 686 881 nna
708 815 1005 899 ejusdemeoeleaiaa

48 938 89 991 et
112 923 190 989 {idei
217 922 362 987 vnlumna
387 940 454 982 esse
482 921 574 982 aoeii:
611 921 758 982 volumno
783 930 873 980 tuum
903 917 1006 979 Deum

49 1047 248 1113 cognoscere
269 1037 300 1087 at
319 1020 431 1084 colere.
479 1019 555 1083 ldeo
576 1020 616 1085 ait
644 1024 854 1106 juramentum
874 1018 956 1081 inter
976 1031 1006 1084 to

10 1146 16 1165 ²
49 1142 88 1193 ot
107 1126 307 1190 noattametai
326 1143 383 1185 noa
403 1144 469 1185 uon
489 1145 595 1184 anmua
616 1122 808 1196 circumcisi,
836 1133 937 1183 tamen
958 1143 1008 1184 ve·

10 1252 15 1265 ·
49 1251 127 1293 ram
148 1226 244 1291 fidem
264 1249 301 1291 ex
320 1238 350 1288 te
373 1226 491 1289 (lineare
511 1225 673 1299 volumus,
706 1237 736 1287 at
755 1224 921 1307 participes
942 1245 1008 1287 aena

10 1358 18 1399 t
52 1330 239 1414 temporalia
257 1328 344 1412 paoie
366 1339 397 1390 et
417 1328 583 1390 societatia.
624 1329 674 1389 Tu
701 1340 821 1389 tautum
849 1326 942 1389 nobis
964 1328 1007 1391 aia

54 1432 198 1507 amioue,
220 1444 249 1493 et
268 1430 349 1494 nihil
369 1430 446 1494 mali
466 1429 574 1505 fociae,
595 1443 794 1514 tenuuquam
806 1429 1008 1509 offendemus,

10 1566 13 1599 :
38 1534 140 1623 ¹aiunt
152 1534 308 1597 haetenus
328 1556 392 1597 non
412 1531 539 1594 feoimua
558 1531 618 1594 tibi
638 1533 697 1593 niai
716 1535 845 1595 bonum.

10 1700 16 1709 ,
138 1620 185 1696 lte
205 1648 378 1699 excusatae
405 1635 597 1711 Abimeleeh,
619 1649 771 1719 quantum
791 1648 902 1719 puteat.
932 1639 1009 1701 Non

10 1776 23 1817 t·
58 1736 187 1821 qnidam
207 1737 337 1807 abstulit
355 1740 440 1803 launo
459 1739 543 1800 bona
562 1758 635 1809 aua,
655 1738 733 1799 nibil
754 1739 782 1799 ei
796 1739 910 1822 rapuit,
930 1743 1009 1808 adeo

10 1881 23 1919 ;.
56 1851 93 1903 ut
112 1840 197 1925 justa
218 1841 390 1905 extenuatio
411 1840 566 1914 videatur3
600 1840 655 1901 aed
676 1852 777 1901 tamen
799 1864 857 1924 per
876 1844 1010 1912 famuloa

10 1926 22 2022 i.
56 1941 184 2005 animun
203 1944 269 2027 ejua
290 1943 333 2006 ita
354 1940 550 2005 exacerbatus
571 1938 641 2016 fuit,
661 1954 697 2005 ut
711 1943 836 2026 juaeerit
851 1946 934 2010 laaao
951 1963 1011 2013 tea·-

10 2089 29 2126 p
57 2069 92 2111 ra
113 2048 271 2111 excedere.
312 2047 441 2130 Alioqui
468 2066 539 2106 eum
567 2065 649 2105 essee
675 2047 877 2130 peregrinus,
906 2051 1012 2136 inquit

12 2193 29 2228 fl
55 2151 264 2227 albimelaeh‚
284 2151 319 2213 in
339 2162 446 2211 nostra
465 2144 607 2228 regione,
625 2143 760 2226 henigne
782 2161 811 2209 et
830 2151 864 2210 in
885 2174 965 2233 paee
981 2169 1012 2218 ta
1041 2200 1047 2210 1

10 2276 28 2334 p
57 2254 240 2319 ‹limiaimna
261 2253 379 2337 abeque
398 2253 464 2314 ulla
485 2247 673 2321 offensione3
695 2249 750 2308 etei
766 2250 948 2315 ademerunt
959 2279 1012 2339 pa.

12 2402 23 2439 p
60 2358 164 2420 atoiea
184 2355 304 2433 fontes,
325 2368 427 2417 tamen
447 2375 507 2437 pro
528 2352 585 2412 iata
605 2350 719 2430 injuria
742 2351 866 2416 abunde
886 2357 946 2420 tibi
966 2382 1011 2423 aa.

58 2458 222 2525 tiafaotum
250 2472 296 2522 eat
329 2456 541 2537 benedictione
569 2453 681 2518 divina.
730 2455 943 2538 Quamobrem
964 2485 1012 2527 ve·

56 2563 150 2627 niam
171 2580 344 2644 precamur.
723 2542 728 2552 ’

143 2664 229 2728 Haeo
248 2664 332 2748 regia
353 2659 533 2725 Abimeleoh
546 2661 721 2726 humiliatio
738 2674 768 2725 et
784 2665 1012 2731 eonveraioeat.

57 2768 152 2833 leaeo
178 2788 196 2829 e
224 2780 332 2830 eontra
360 2785 423 2826 nou
454 2763 572 2847 litigat,
601 2785 667 2845 nop
696 2766 886 2847 expostulat,
913 2790 1013 2853 neque

58 2871 225 2935 contendit
252 2870 290 2933 de
319 2868 396 2930 nlla·
412 2888 463 2939 re,
490 2870 545 2930 aed
564 2867 695 2929 laetatur
715 2869 753 2931 da
781 2867 837 2930 hae
857 2869 1012 2935 voluntate
1058 2928 1064 2955 1

56 2974 151 3061 regie
173 2986 204 3035 et
224 2972 412 3047 amicorum,
432 2983 524 3054 etque
545 2983 677 3052 apparet
697 2972 893 3049 convivium,
914 2989 950 3037 ut
966 2977 1014 3059 jn.

57 3086 263 3149 ramentum,
284 3095 343 3154 pax
365 3084 394 3134 et
413 3073 510 3135 tutela
529 3085 593 3135 rata
614 3072 653 3133 ait
673 3085 703 3135 et
715 3072 813 3136 firma.
850 3077 954 3160 Atque
972 3078 1015 3143 ita

58 3178 123 3241 uhi
145 3175 298 3260 probatus
318 3186 363 3237 eat
383 3175 480 3249 lanae,
502 3176 650 3237 exaltatur
671 3198 765 3259 anper
784 3197 848 3256 eoa,
870 3180 925 3263 qui
944 3201 1015 3243 enm

60 3280 201 3344 oderunt
222 3291 254 3341 et
272 3279 428 3361 penteonti
448 3291 520 3341 aunt
539 3291 640 3341 antea.

60 3479 177 3555 ,Εοοο
206 3492 337 3542 autem
373 3492 572 3544 venerunt
604 3479 646 3542 in
679 3479 869 3563 ipso—die
903 3483 1016 3546 servi

62 3582 204 3663 lanae,
225 3584 516 3647 annuntiantes
536 3582 571 3646 ei
591 3584 637 3648 de
656 3597 797 3667 puteo,
823 3604 936 3667 quem
957 3584 1017 3650 [οι
