2182 4050
434 160 613 260 genesis.
822 144 835 207 ’-
939 176 995 240 107
1071 257 1074 262 ,

16 346 19 355 ·
50 322 196 404 publicae
210 311 484 400 antoeconomiue.
508 319 628 383 Deinde
639 316 804 384 uerisimile
821 331 877 394 est,
896 319 998 387 Deum
1014 320 1028 327 ’

10 444 19 483 ·.
51 447 146 508 snpra
174 415 318 487 niteram
347 406 747 495 Abrshsm‘''coniirsnasss‚
774 431 804 483 et
833 422 997 485 necessisse

10 550 29 605 e„
51 527 185 590 multum
197 529 320 590 roboris
334 541 365 591 et
385 527 488 597 animo
509 538 540 589 at
555 521 684 613 corpori
701 536 774 605 post
788 524 998 610 natum-issac,

16 672 18 679 ι
50 608 204 695 filium‘et
216 630 390 723 ,haeredem
410 626 637 712 promissionis.

132 734 241 797 Alters
262 731 401 816 quaestio
424 734 469 792 e'st
491 729 528 791 de
549 728 717 811 scandalo,
738 729 831 810 quod*
848 727 932 792 ducit
951 729 1000 814 jn.

50 840 226 902 venculam.
268 837 352 918 Lyra
373 832 454 894 hane
475 831 727 906 censanraffert,
758 831 847 911 quod
874 832 1008 920 puellae·

53 962 90 1002 ex
112 940 235 1002 senibus
256 936 378 1001 facilius
392 935 583 1019 concipiant,
603 924 697 1016 qnam
718 929 853 997 feminae
872 958 1000 1019 prorec-
1071 986 1075 995 .

28 1043 142 1121 ‚tioris
172 1041 289 1105 astatis.
331 1038 393 1102 Sed
421 1037 478 1099 hac
505 1037 624 1099 rationo
652 1036 762 1099 rectius
790 1022 1001 1101 removebitur

54 1145 256 1218 scandalum,
288 1142 314 1203 si
339 1140 568 1226 distinguamus
595 1153 738 1223 tempora
768 1150 797 1200 et
819 1160 921 1203 mores
944 1142 1001 1206 Pa·

53 1260 140 1308 trum
160 1268 177 1311 a
197 1243 411 1328 praesentibus
439 1244 635 1325 temporibus
664 1255 695 1304 et
715 1241 863 1303 moribus.
904 1244 1001 1309 Multi

55 1371 94 1412 eo
116 1347 336 1419 offenduntur,
357 1344 442 1427 quod
462 1356 525 1405 tam
546 1345 643 1407 mults
665 1344 922 1427 degeneratione
945 1346 1001 1409 Pa.

54 1464 140 1514 trum
162 1449 221 1510 hoc
241 1446 343 1529 ptimo
364 1445 446 1507 libro
467 1446 691 1509 traditMossss
714 1446 768 1508 sed
787 1446 913 1510 illinon
934 1471 1002 1532 per.-

55 1552 197 1636 pendunt
218 1547 422 1612 diversitatem
442 1569 566 1611 morum
587 1549 1001 1623 dirersiseaeeulis.'1'urn

56 1653 209 1737 temporis
237 1649 387 1735 regnabat
406 1647 514 1710 fides
505 1675 538 1711 in
561 1651 724 1726 Patribus,
744 1664 775 1714 et
800 1634 889 1716 iaiins
909 1657 1001 1721 atisin
1032 1709 1042 1727 ,

57 1755 182 1819 articuli
209 1750 304 1825 fides.
338 1751 475 1815 Crescite
512 1765 543 1815 et
578 1751 840 1833 multiplicamini.
882 1757 1000 1823 Nostro

58 1856 182 1919 saeculo
204 1854 383 1939 praesertim
404 1867 482 1938 post.
500 1868 636 1917 monstra
656 1855 714 1917 ills
735 1857 889 1940 l’spisticn
909 1861 1001 1923 caeli-

57 1960 167 2034 batus,
190 1955 379 2041 conjugium
401 1955 549 2038 dignitate
578 1968 609 2017 at
637 1956 755 2019 honore
776 1958 880 2023 debito
893 1963 1003 2045 ‘prirn-

58 2075 143 2137 tnm,
173 2072 203 2122 at
224 2081 297 2123 vera
324 2057 464 2142 cognitio
490 2057 577 2120 verbi
598 2069 628 2119 et
648 2058 851 2123 ordinationis
879 2064 1000 2131 diuinus

58 2162 204 2239 exstincta
224 2174 289 2236 est,
310 2181 390 2245 quaa
410 2159 492 2242 apud
514 2159 618 2220 Patres
638 2156 696 2219 fnit
717 2163 886 2239 uincerent
906 2172 1000 2244 rente,
1058 2184 1061 2197 ¹

58 2267 192 2348 ideoque
214 2263 344 2348 plurimi
364 2258 502 2325 feserunt
523 2261 881 2346 generationemprolia.
975 2296 991 2311 ··

139 2365 214 2428 Non
244 2387 321 2450 ergo
350 2363 546 2428 sentiendum
567 2375 630 2437 est,
651 2364 1004 2453 Abrahamnmiascivis

58 2470 230 2553 impulsum
252 2468 373 2530 duxisse
393 2468 551 2531 lictorem.
590 2463 677 2527 Nam
707 2479 795 2529 antea
816 2469 941 2551 quidem
959 2473 1003 2534 ris

58 2585 149 2635 vente
171 2570 271 2633 sterili
283 2569 356 2642 Sara
377 2571 451 2633 satis
472 2570 527 2633 din
549 2569 735 2650 exspectarit
755 2570 1003 2635 benedictionem

60 2675 214 2750 divinem,
245 2696 346 2758 nequa
375 2672 442 2737 nlla
470 2669 528 2733 fuit
548 2671 684 2753 suspicio
705 2673 845 2737 libidinis
866 2698 1004 2760 unquam

58 2778 93 2838 in
114 2797 161 2839 eo.
184 2775 257 2843 Ideo
279 2795 383 2837 amore
400 2773 500 2857 prolis
515 2773 718 2855 acquirendae
734 2775 795 2838 hoc
810 2775 896 2840 fecite
917 2800 1005 2862 praa

59 2879 165 2939 sertim
186 2899 258 2939 cum
280 2876 478 2940 audivisset
469 2898 503 2937 ιη
524 2874 730 2958 promissione
750 2877 846 2953 (Geir
871 2888 919 2960 17,
938 2886 1004 2958 4.»

60 2978 247 3083 „Constitui
267 2991 297 3043 te
317 2992 437 3062 patrem
457 2981 674 3056 multorum
637 2987 656 3019 “
704 3002 768 3043 non
788 2983 890 3073 solum
911 2983 1005 3063 isaac,

64 3079 119 3141 sed
129 3055 306 3143 multarunt
327 3081 485 3164 gentium,
517 3083 630 3165 quibus
650 3026 913 3168 risultiplicaturus
933 3107 1005 3149 eum

65 3192 145 3249 esset
164 3172 247 3245 Deus
267 3203 330 3246 non
352 3185 454 3252 solum
476 3186 688 3268 spiritualiter,
709 3188 764 3251 sed
782 3188 873 3255 otiam
895 3212 1006 3274 corpo

61 3284 182 3346 raliter.
237 3329 247 3355 ,

144 3384 264 3447 Deinde
295 3389 474 3471 superstites
498 3380 609 3452 'adhuc
624 3346 763 3450 'inerunt
791 3389 884 3466 Sam,
910 3391 1009 3466 Eben·
1057 3482 1064 3491 .

62 3486 175 3561 Salnh;
205 3485 359 3567 Abraham
386 3491 461 3554 vixit
487 3512 558 3553 cnm
577 3491 669 3554 Noah
690 3491 799 3555 LVIII.
821 3492 924 3567 annis,
953 3494 1007 3577 qui
1086 3520 1090 3533 ¹

63 3604 134 3655 ente
155 3605 278 3676 etpost
300 3593 452 3659 dilnvium
473 3590 588 3657 audivit
609 3593 697 3671 Sem;
719 3592 792 3661 Sem
813 3601 916 3695 auteur
937 3598 1008 3667 visit
