2182 4050
249 200 315 307 kl·
372 146 547 273 genesis.
600 230 603 235 -
692 194 697 219 ¹
745 202 749 211 ·
908 192 951 259 77

76 350 216 427 „jamin
242 337 423 415 Sismutsta
442 336 555 423 opinio
574 333 706 398 nutavit
725 336 836 401 orbam
855 350 952 403 terru-

80 424 140 529 ’ῑ-μ.
158 453 206 515 ¹lllo
225 454 315 506 autem
344 454 488 525 tempora
509 437 706 503 sanetissima
732 440 807 503 haas
832 439 951 505 femine

76 558 272 629 ffitirnums
288 544 423 621 tristitia,
443 556 475 607 et
494 562 559 626 quo
579 539 678 625 magis
698 542 811 618 sensit,
832 562 866 613 ae
884 542 951 627 pri·

89 678 152 731 ‚m
164 648 352 723 muelietione,
373 647 433 709 hoo
454 642 554 729 magis
574 642 633 706 fuit
650 642 750 705 auxia.
776 642 872 707 Nune
892 644 952 729 igi-

90 778 134 839 ῃ,
150 780 196 823 eum
209 748 320 833 respicit
341 767 409 809 eam
429 745 583 809 Dominus
610 758 696 808 tanto
717 766 789 809 eum
809 746 952 828 foenore,

90 862 164 931 hm
177 868 265 919 tautum
283 848 382 933 p‘aris't
406 847 527 926 filium,
556 850 612 912 ted
630 848 726 912 telem
746 850 866 930 filium,
894 854 952 938 qui

88 966 205 1033 afuturus
219 968 294 1039 pater
313 951 448 1014 Christi:
467 952 522 1035 ilai⁸
535 961 658 1034 praeter
678 954 831 1038 gaudium
851 958 952 1021 narnia

82 1080 119 1133 η
135 1065 250 1129 abiem
273 1055 423 1139 gaudium
452 1056 486 1118 in
507 1054 628 1138 Spiritu
649 1070 767 1121 saneto.
807 1057 883 1123 lieo
903 1060 952 1123 sio

79 1166 149 1257 'jani
160 1160 256 1249 giulio,
276 1170 304 1219 at
322 1156 468 1239 loquitur
487 1158 597 1233 rerba,
627 1180 707 1241 quae
726 1161 815 1245 quasi
835 1164 953 1249 singul-

78 1278 121 1343 ιι
133 1269 219 1352 quidam
233 1273 299 1325 tunt
317 1260 509 1323 exuberantis
530 1259 669 1322 laetitiae.
712 1258 777 1323 seit
796 1261 894 1338 anim,
914 1282 953 1325 ax

77 1360 128 1437 'ho
139 1390 177 1432 no
188 1366 239 1429 llio
251 1365 454 1438 naseiturum,
475 1362 532 1446 qui
550 1364 651 1423 totirm
665 1372 765 1447 genua'
780 1362 952 1427 humanum

80 1454 207 1535 ilamensi
221 1465 430 1529 maledictione
452 1464 491 1526 ait
509 1462 706 1528 liberaturus.

80 1588 94 1613 -·
139 1570 180 1633 lai
193 1590 240 1630 non
258 1580 375 1631 tantum
402 1566 542 1629 luctantis
570 1568 646 1630 haee
664 1568 760 1632 resbs
780 1582 867 1647 aunt,
887 1571 953 1647 set

82 1668 333 1745 atimruaonndiae‚
354 1670 443 1753 qussi
464 1670 561 1731 dicate
589 1668 664 1732 Nou
686 1672 788 1733 tolum
816 1672 892 1734 mihi
910 1673 954 1735 ri-

81 1773 453 1839 'trustsxuberentissimum
477 1774 627 1858 goudium
647 1776 680 1834 in
701 1772 823 1856 Spiritu
844 1787 951 1837 saneto

81 1874 254 1950 tumninio,
269 1876 327 1938 'sed
346 1879 437 1940 etiam
458 1900 561 1942 coram
582 1877 780 1941 hominibust
801 1875 951 1941 ridebunt

94 1996 212 2051 nataret,
229 1977 278 2062 qui
299 1980 432 2042 audient.
473 1979 554 2041 Nam
579 2000 690 2063 parere
709 1979 886 2063 puellarum
902 1990 954 2041 est

89 2079 182 2155 sitin,
201 2102 320 2165 quarum
348 2094 429 2143 emat
457 2083 496 2144 ad
524 2095 647 2165 pertum
668 2077 814 2165 apta'est.
858 2082 955 2165 Quod

85 2194 148 2245 mm
160 2202 208 2264 ego·
223 2182 322 2245 istula
342 2181 441 2244 elsetia
461 2183 598 2259 viribus,
629 2198 661 2247 et
679 2197 800 2247 tantum
820 2205 884 2246 uon
906 2204 954 2247 oa-

80 2284 231 2365 trepido,
256 2308 360 2350 nonno
391 2287 521 2371 (lignum
540 2288 605 2349 risu
634 2288 705 2351 est?
745 2286 835 2349 Siout
854 2287 955 2373 igitut·

80 2404 145 2447 mnu
159 2384 209 2447 lleo
227 2408 345 2450 summo
361 2389 486 2475 'gsudio
505 2390 678 2474 tripudiat,
708 2390 750 2452 ita
769 2390 955 2453 rereounda-

77 2498 111 2549 lu
122 2508 193 2550 toran
210 2489 395 2553 hominihus.

125 2588 253 2653 Caeterum
282 2592 430 2677 frequent
461 2610 506 2658 est
536 2594 569 2657 in
600 2592 687 2654 omni
712 2591 839 2675 lingua,
867 2588 956 2674 qaod

78 2686 128 2753 istit
142 2691 201 2752 sliss
219 2694 452 2777 proprie„.ulias
463 2690 627 2779 figurativo
643 2691 828 2780 significant.
849 2690 957 2775 ltaque

76 2794 149 2856 mlum
166 2794 268 2893 ρηξ,
301 2798 389 2880 quod
416 2798 546 2881 proprie
566 2797 668 2859 ridere
695 2792 867 2880 signifieat,
896 2800 956 2875 pa'r

76 2898 220 2982 stiplrssim
242 2920 324 2981 quse
344 2898 493 2962 Hebraeis
515 2896 766 2961 communissima
786 2912 848 2973 est,
868 2914 957 2959 usur·

76 3017 117 3066 ter
130 3022 185 3085 pro
205 3002 343 3075 irridere,
364 3001 499 3063 siout=in
523 2999 711 3063 Germanioo
731 3018 876 3060 rooemus
896 3018 957 3080 per

76 3103 216 3187 tiplsrasim
245 3102 435 3164 nebulonem
457 3102 507 3163 eiu
528 3101 641 3164 fromrn
661 3099 766 3174 Rind,
795 3100 845 3160 siu
872 3100 957 3163 edles

76 3206 211 3280 rmtlein3
231 3204 273 3265 sd
294 3204 379 3265 hune
395 3204 522 3267 modum
544 3205 604 3267 hoo
619 3204 653 3265 in
675 3203 746 3263 looo
766 3198 895 3262 verbum
915 3200 956 3265 ri-

79 3308 184 3389 diper
203 3304 405 3387 antiphrasim
425 3327 567 3388 expono.
610 3304 765 3369 Dominus
791 3302 861 3364 leeit
881 3300 956 3365 mihi

79 3434 124 3484 m,
154 3421 199 3469 est
228 3408 360 3490 proprie
392 3406 517 3469 dietum.
560 3408 658 3469 Risus
687 3405 773 3468 enim
801 3400 957 3490 signifieat

76 3512 176 3574 diurn:
198 3510 290 3592 qnod¹
305 3524 407 3573 sutem
427 3510 529 3573 stldit:
559 3508 631 3584 „Et
652 3510 792 3571 homines
811 3505 958 3568 ridebunt

76 3623 103 3692 ι,
136 3625 181 3674 est
208 3609 341 3698 figurate
368 3614 503 3691 disten,
532 3611 595 3676 hoe
616 3608 956 3713 0⁸‘s..⁰t¹!l³el?¹¹¹!²-,fi⁰
