2250 4064
89 173 149 239 teo
274 169 528 255 vigesimum
545 168 721 253 primam
741 183 869 255 ceput

87 339 160 382 run
178 315 266 393 fider,
286 319 392 382 nullae
402 321 612 407 apngrrphar,
632 318 722 383 nulle
736 319 847 407 tigilla
865 323 938 383 aeti·
952 330 1031 394 annt3

87 421 197 487 stende
218 421 406 496 eluduntur,
431 425 515 485 etri
535 424 701 487 turbantur
721 443 833 485 omnes
854 435 1029 487 contrectua

167 523 243 586 Duo
264 536 366 585 eutem
388 523 461 587 lecit
480 526 654 590 Abraham:
684 527 822 609 primum
853 526 951 589 donat
970 545 1029 587 oret

87 626 256 701 elboren,
285 618 394 690 deinde
415 648 555 692 aeoraum
576 631 672 694 donat
692 643 810 713 neptem
834 649 951 713 agnae,
977 648 1028 689 nou

90 732 179 815 quod
198 753 253 795 rex
279 733 336 794 teli
361 746 490 793 monera
510 733 683 819 indigerrt3
712 733 770 795 aed
792 731 951 793 Abraham
977 730 1032 793 vult

89 837 151 899 ltoo
178 837 273 899 modo
294 832 423 918 publice
443 845 586 896 testatum
607 834 707 896 facere
729 834 815 916 apud
843 853 953 895 omnea
972 830 1027 895 rut-

88 938 173 1003 ditoa
194 939 297 1022 regia,
318 937 402 998 hunc
422 935 537 999 fontem
558 959 616 999 cuo
636 937 744 999 labore
764 932 885 999 fectum
906 956 977 998 eaeo.

168 1042 205 1103 ln
225 1042 296 1124 lege
317 1039 475 1124 prohibita
502 1055 574 1103 aunt
594 1063 738 1117 munem
765 1040 810 1104 aio
840 1040 924 1102 enim
944 1052 1025 1103 textu·

90 1146 182 1211 (licita
212 1144 316 1219 „Non
337 1142 471 1226 accipiet
491 1151 647 1209 munere“
675 1144 749 1220 (Eu
772 1146 831 1219 93,
852 1150 910 1215 8³·
949 1144 1024 1207 ltent

90 1251 255 1329 „Munera
280 1257 440 1308 excaecant
467 1260 498 1308 et
518 1260 723 1330 corrumpunt
750 1248 905 1331 judioea“
935 1248 1025 1323 (neu

91 1358 142 1428 17,
166 1356 250 1424 19.);
278 1348 355 1431 quin
377 1352 468 1412 etiam
489 1352 652 1436 gentilium
680 1349 787 1411 literae
807 1351 958 1414 damnant
975 1372 1025 1411 ιιι·

89 1476 164 1518 nere
183 1466 332 1535 tunquam
353 1454 543 1537 singularem
563 1454 772 1534 imperiorum
791 1463 925 1534 pectem.
957 1452 1025 1535 Quo

89 1557 186 1620 modo
207 1556 303 1637 igitur
324 1554 536 1618 excambium·
557 1556 769 1621 Abrahamum
792 1554 1026 1635 offerentem‚ct

89 1684 199 1747 regem
221 1656 458 1739 accipientem?

169 1761 359 1845 Respondeo
380 1761 459 1823 aient
480 1768 583 1841 tupra.
603 1760 681 1822 Pina
700 1758 855 1845 quicquid
875 1758 960 1841 fecit,
978 1782 1026 1827 ret·

89 1879 122 1928 te
142 1865 235 1937 facit,
266 1862 385 1923 etiamai
413 1875 513 1937 errat3
540 1862 632 1925 habet
657 1860 741 1925 enim
769 1884 825 1925 cor
846 1864 1027 1941 remmia

91 1967 178 2051 quod
197 1965 362 2049 praecipue
382 1962 518 2026 intuetur
529 1966 621 2029 Deua.
642 1964 764 2030 Contra
783 1967 918 2051 impiae,
939 1970 1026 2033 eticae

69 2069 119 2131 'oi
139 2088 238 2151 opua,
266 2066 351 2149 quod
372 2060 461 2139 facit,
481 2088 541 2148 per
561 2089 594 2131 ee
614 2069 733 2131 bonum
752 2082 817 2147 eat,
847 2083 955 2135 tamen
971 2070 1025 2135 Deo

89 2193 156 2234 nou
175 2172 286 2255 placet,
308 2170 382 2254 quia
403 2184 484 2231 errat
496 2171 603 2243 corde,
625 2175 760 2247 licceat,
782 2194 888 2257 neque
905 2156 1045 2263 agnouit:

89 2274 214 2347 Deum,
236 2295 336 2355 neque
357 2270 457 2333 credit
479 2271 561 2343 Deo,
583 2295 684 2358 neque
703 2274 792 2337 timet
812 2274 929 2339 Deum.
1042 2325 1046 2333 .

152 2371 406 2439 .Couaideranda
427 2385 529 2435 autem
553 2375 604 2439 hic
623 2398 750 2461 quoque
778 2390 826 2441 eat
853 2400 950 2444 caan
965 2376 1022 2441 fiu-

88 2476 152 2552 lir3
180 2477 208 2537 ai
236 2497 365 2538 munera
393 2476 507 2539 dantur
526 2498 562 2537 eo
593 2480 745 2557 coneilio,
772 2494 809 2543 ut
837 2481 1022 2565 respiciam,

88 2578 214 2655 invidia,
236 2578 391 2643 discordia
412 2592 622 2657 amoveantur,
642 2595 673 2645 et
692 2596 728 2645 ut
748 2584 937 2647 concilietur
950 2586 1025 2647 bene

89 2684 228 2746 volentia
248 2697 277 2744 et
297 2707 374 2766 pax,
402 2696 485 2743 recte
505 2699 705 2747 numerentur
723 2688 805 2750 inter
825 2688 918 2751 bona
937 2704 1024 2771 opert·

90 2782 180 2868 Quid
199 2786 280 2847 enim
300 2785 450 2866 auspicari
477 2787 553 2847 mali
581 2788 619 2849 de
641 2788 817 2851 Abrahemo
846 2811 902 2853 rex
927 2799 1048 2875 potul.

90 2908 164 2951 oum
184 2899 245 2949 tam
266 2887 436 2950 liberaliter
456 2911 525 2952 eum
548 2890 667 2951 donet?
687 2888 833 2953 Profecto
848 2914 964 2959 nocere
975 2912 1025 2955 noa

88 2970 176 3065 ruli,
204 2991 260 3073 qui
279 2992 314 3051 in
335 2992 430 3053 alium
450 2991 587 3053 liberalia
608 3004 663 3053 eat
690 2992 720 3052 A
738 2992 827 3055 bono
849 2996 953 3083 igitur
970 2995 1024 3059 rito
1046 3012 1049 3027 ¹

88 3086 254 3153 lioneetum
282 3107 347 3169 eat,
377 3107 414 3155 ut
441 3094 577 3176 accipian
604 3117 733 3169 munua3
762 3096 815 3157 dat
847 3097 937 3161 euin
958 3114 1050 3183 puro.

17 3196 21 3201 '
89 3192 198 3269 corte,
218 3213 284 3256 non
303 3208 390 3258 utto
415 3195 474 3257 eibi
494 3196 660 3260 obnoxium
680 3199 806 3271 reddat,
827 3220 894 3262 non
916 3216 952 3265 ut
969 3222 1026 3265 cto·
1039 3193 1050 3215 '¹

89 3312 156 3355 um
174 3293 319 3377 injurtam
340 3310 450 3380 perte
471 3299 627 3375 obtineat,
649 3301 703 3363 ecel
723 3313 758 3363 ut
778 3300 841 3363 hoo
861 3304 959 3369 motlo
977 3302 1025 3379 tlt}
1045 3294 1053 3392 l

16 3436 20 3443 -
87 3406 229 3457 mutuam
242 3398 496 3463 benevolentiam.
518 3402 571 3465 Sic
580 3425 715 3487 aponsua
733 3407 785 3467 det
800 3428 934 3471 munero
947 3428 1026 3491 apor-
1050 3394 1054 3481 i

88 3514 141 3557 eac
159 3497 201 3559 ad
219 3504 395 3567 tentandum
416 3525 553 3567 amorem
575 3518 606 3567 et
624 3508 766 3571 alendam
779 3509 1024 3572 benevolentiam

86 3590 216 3664 Sumne
242 3600 341 3687 igitur
367 3607 468 3671 officia
487 3619 577 3685 aunt,
604 3621 636 3673 ct
662 3612 703 3675 acl
727 3612 809 3675 hanc
829 3614 928 3679 vitam
947 3611 1025 3679 ratde
