2182 4050
170 178 178 187 ·
289 206 293 219 ,
418 152 600 239 genesim·
715 175 756 191 ·’
911 155 973 228 949
1079 202 1086 221 t

102 302 229 395 Deinde
251 301 325 389 quis
345 288 520 369 benedictio
540 303 672 389 ponitur
690 301 724 365 in
745 306 862 370 semine
876 307 973 374 Abra·

63 428 97 485 e,
127 407 259 494 collegit
285 407 437 489 amplius,
466 407 552 473 illem
577 404 827 471 benedictionem
855 411 914 473 sibi
942 425 974 476 et

63 530 81 571 o
104 510 218 572 semini
238 510 530 572 accommodandam
551 528 629 571 esse:
651 507 733 570 lllud
753 530 856 573 semen
875 513 973 591 Abre-
1068 591 1072 597 Ι

64 631 81 676 e
110 614 175 694 jem
203 624 248 675 eet
277 633 379 673 meum
406 632 526 686 semem
555 610 683 673 Messias
705 611 762 674 erit
781 609 864 674 filius
885 598 972 678 meua

72 714 237 779 Dominus
258 736 353 777 meus.
393 715 436 779 Et
461 736 521 801 ego
552 713 577 776 is
598 735 684 789 sum,
713 715 747 775 in
775 737 838 799 quo
868 714 973 784 haeret

63 818 209 895 emissio,
231 798 310 883 sicut
321 820 353 882 in
369 816 651 903 personaAbrehae
669 816 772 880 haesit.
795 820 896 904 Atque
913 823 975 886 buo

63 920 132 984 lusit
153 918 329 988 Metth'eeus
342 932 398 1005 (1,
421 932 475 1001 1.),
494 942 565 989 oum
587 921 714 985 diceretr
739 921 842 1000 „Filii
862 922 974 1003 David,

63 1024 306 1091 iiabrahw.
358 1039 363 1051 '

110 1129 212 1193 Porro
242 1129 417 1197 benedictio
446 1142 491 1193 est
516 1122 730 1204 cacerdotum,
759 1150 824 1192 nou
855 1154 976 1218 regum,

63 1248 188 1316 teupra
221 1235 301 1298 Gen.
334 1237 380 1303 14.
418 1232 460 1306 (i.
491 1238 552 1302 19.)
582 1232 789 1295 Melchisedec
823 1234 977 1300 benedicit

64 1334 182 1399 brahae.
217 1338 327 1401 Meum
347 1350 449 1400 sutem
470 1354 572 1397 semen
594 1347 639 1395 est
658 1332 740 1397 lilius
760 1337 863 1422 regis,
884 1352 914 1402 et
933 1352 977 1401 t..

63 1458 104 1501 reu
122 1437 322 1516 benedicten
343 1440 441 1526 igitur
461 1449 491 1499 et
511 1457 564 1498 rex
584 1448 615 1498 et
634 1439 777 1500 sacerdos
798 1440 865 1502 erit.

111 1541 163 1602 nd
183 1543 268 1604 hunc
291 1544 432 1615 modum*
448 1541 565 1604 evolvit
589 1552 620 1631 et
647 1541 787 1604 tractavit
815 1543 875 1608 hoc
895 1545 978 1628 jure·

64 1656 170 1709 nutum
199 1645 320 1709 David*
333 1647 510 1709 illustrante
540 1640 659 1724 Spiritu
686 1656 808 1721 sancto,
836 1657 871 1707 ut
897 1646 978 1711 uihil

64 1747 209 1824 ubiteret,
231 1749 310 1832 quin
330 1760 361 1810 et
380 1745 542 1833 megnifice
561 1743 767 1827 praedicaret,
789 1748 875 1831 quod
890 1749 980 1813 Mes·

64 1850 206 1915 infilius
232 1873 308 1913 suus
334 1863 413 1913 esset
440 1848 562 1910 futurus
582 1870 652 1924 rex,
680 1862 828 1932 tunquam
849 1872 885 1913 ex
904 1872 979 1939 rege

64 1966 131 2031 etus,
154 1967 185 2017 et
206 1967 311 2017 temen
331 1951 526 2026 benedicens,
547 1964 577 2013 et
596 1950 667 2013 ideo
689 1954 840 2015 sacerdos.

110 2057 197 2140 Quis
218 2067 318 2118 autem
341 2054 441 2118 Desid
461 2075 528 2117 non
545 2065 611 2115 eret
631 2053 669 2115 de
689 2052 773 2115 tribu
793 2054 980 2120 sacerdotali

64 2182 95 2225 ee
113 2158 270 2234 Levities,
291 2156 458 2242 cogitavit,
487 2175 584 2241 quere
601 2154 854 2219 benedictionem
876 2157 915 2220 de
935 2178 981 2221 ee·
1082 2236 1085 2243 Ι

64 2264 115 2333 ine
132 2263 217 2327 Levi
238 2283 303 2325 neu
324 2256 590 2323 sumseritDeur?
611 2260 755 2322 nimirum
777 2280 813 2322 eo
835 2260 981 2340 consiliu,

78 2362 288 2451 significaret,
309 2360 517 2424 secerdotium
537 2359 706 2425 Lesitieum
726 2364 916 2426 abolendum
934 2385 983 2427 ee·

64 2515 73 2544 ‚
88 2468 190 2553 hujus
205 2485 279 2529 vero
299 2462 468 2525 secerdotis
483 2459 550 2523 sore
565 2476 719 2525 ueternum
736 2464 941 2528 secerdotium
952 2479 983 2530 et

64 2567 248 2644 innuens,
275 2566 347 2651 quie
373 2563 549 2628 benedictio
574 2567 727 2648 promises
756 2566 909 2632 Abrabae
935 2582 985 2633 ert

64 2684 170 2735 terne.
200 2669 296 2731 *Hinc
315 2667 445 2752 collegit
471 2665 572 2742 illud,
598 2668 685 2751 quod
711 2670 753 2730 sit
773 2671 918 2735 sacerdes
937 2693 983 2736 ee·

64 2770 178 2835 sudum
200 2770 341 2835 ordinem
361 2767 587 2847 Melchisedec,
616 2768 705 2853 cujus
724 2766 798 2835 finis
818 2786 849 2838 et
867 2774 984 2860 priuci-

64 2876 126 2940 ium
146 2876 324 2963 ignoretur.

118 2977 167 3039 lte
188 2999 253 3040 non
273 2979 376 3041 solum
397 2989 505 3040 auctor
522 2969 670 3058 epistolee
690 2977 731 3040 ad
740 2978 907 3059 Hebraeos,
928 2981 985 3049 sed

65 3081 130 3143 tium
160 3080 269 3141 Petree
299 3093 330 3145 et
358 3079 532 3163 Prophetae
557 3079 699 3142 viderunt
728 3094 759 3145 et
783 3083 885 3144 mirati
911 3095 987 3148 eunt

65 3181 281 3265 mplitudiuem
310 3181 538 3245 misericordiae
567 3180 707 3259 divinus,
735 3183 922 3252 effundentis
948 3184 985 3253 'te

65 3300 139 3349 >tem
160 3306 220 3368 per
237 3287 477 3369 promissionem
497 3298 532 3348 et
544 3287 769 3369 ¹juramentum
789 3309 987 3371 quare‘sum·

64 3408 93 3450 ιο
115 3386 221 3451 studio
242 3389 322 3452 hunc
342 3403 454 3453 testum
472 3391 691 3471 expenderunt.
712 3391 815 3473 Atque
829 3389 900 3453 hino
920 3391 986 3455 usti

65 3504 115 3557 sut
136 3490 249 3555 Deridi
275 3490 476 3576 pulcherrimi
496 3491 618 3555 Psslmi.
660 3492 703 3555 Et
722 3514 741 3554 a
759 3491 876 3555 seuctie
892 3492 986 3558 etiem
1038 3510 1041 3517 “

65 3614 184 3660 roceo
205 3605 388 3663 testamento
415 3614 531 3681 negem
560 3596 676 3683 gaudio
696 3595 757 3660 hoc
775 3594 986 3678 jurensem·
