<?xml version="1.0" encoding="UTF-8"?>
<!DOCTYPE html PUBLIC "-//W3C//DTD XHTML 1.0 Transitional//EN"
    "http://www.w3.org/TR/xhtml1/DTD/xhtml1-transitional.dtd">
<html xmlns="http://www.w3.org/1999/xhtml" xml:lang="en" lang="en">
 <head>
  <title>
</title>
<meta http-equiv="Content-Type" content="text/html;charset=utf-8" />
  <meta name='ocr-system' content='tesseract 3.04.00' />
  <meta name='ocr-capabilities' content='ocr_page ocr_carea ocr_par ocr_line ocrx_word'/>
</head>
<body>
  <div class='ocr_page' id='page_1' title='image "./exegeticaoperal03luthgoog_0160.png"; bbox 0 0 2182 4050; ppageno 0'>
   <div class='ocr_carea' id='block_1_1' title="bbox 301 146 995 282">
    <p class='ocr_par' dir='ltr' id='par_1_1' title="bbox 301 146 995 282">
     <span class='ocr_line' id='line_1_1' title="bbox 301 146 995 282; baseline 0.007 -24"><span class='ocrx_word' id='word_1_1' title='bbox 301 160 327 245; x_wconf 69' lang='grc' dir='ltr'> </span> <span class='ocrx_word' id='word_1_2' title='bbox 424 164 609 282; x_wconf 51' lang='lat' dir='ltr'><strong>genesis,</strong></span> <span class='ocrx_word' id='word_1_3' title='bbox 713 146 716 151; x_wconf 92' lang='lat'><em>-</em></span> <span class='ocrx_word' id='word_1_4' title='bbox 801 202 805 215; x_wconf 82' lang='grc'><strong>“</strong></span> <span class='ocrx_word' id='word_1_5' title='bbox 936 200 995 265; x_wconf 76' lang='lat' dir='ltr'><strong>tto</strong></span> 
     </span>
    </p>
   </div>
   <div class='ocr_carea' id='block_1_2' title="bbox 72 341 1042 3698">
    <p class='ocr_par' dir='ltr' id='par_1_2' title="bbox 72 341 995 530">
     <span class='ocr_line' id='line_1_2' title="bbox 72 341 995 426; baseline 0 -19"><span class='ocrx_word' id='word_1_6' title='bbox 72 350 115 407; x_wconf 72' lang='lat' dir='ltr'><strong>&#39;rm</strong></span> <span class='ocrx_word' id='word_1_7' title='bbox 133 341 271 406; x_wconf 87' lang='lat' dir='ltr'><strong>nbe‘rem</strong></span> <span class='ocrx_word' id='word_1_8' title='bbox 297 341 454 404; x_wconf 84' lang='lat' dir='ltr'><strong>bonorum</strong></span> <span class='ocrx_word' id='word_1_9' title='bbox 476 365 605 426; x_wconf 89' lang='lat' dir='ltr'><strong>operum</strong></span> <span class='ocrx_word' id='word_1_10' title='bbox 632 342 702 404; x_wconf 85' lang='lat' dir='ltr'><strong>tolie</strong></span> <span class='ocrx_word' id='word_1_11' title='bbox 728 342 862 407; x_wconf 87' lang='lat' dir='ltr'><strong>rusticus</strong></span> <span class='ocrx_word' id='word_1_12' title='bbox 889 344 995 425; x_wconf 73' lang='lat' dir='ltr'><strong>habet,</strong></span> 
     </span>
     <span class='ocr_line' id='line_1_3' title="bbox 72 445 848 530; baseline -0.006 -19"><span class='ocrx_word' id='word_1_13' title='bbox 72 448 205 511; x_wconf 76' lang='lat' dir='ltr'><strong>rdetism</strong></span> <span class='ocrx_word' id='word_1_14' title='bbox 228 445 426 507; x_wconf 73' lang='lat' dir='ltr'><strong>occasionem</strong></span> <span class='ocrx_word' id='word_1_15' title='bbox 448 445 607 530; x_wconf 74' lang='lat' dir='ltr'><strong>discendae</strong></span> <span class='ocrx_word' id='word_1_16' title='bbox 620 445 792 527; x_wconf 80' lang='lat' dir='ltr'><strong>patientioe.</strong></span> <span class='ocrx_word' id='word_1_17' title='bbox 825 460 848 516; x_wconf 46' lang='lat'><strong>,¹</strong></span> 
     </span>
    </p>

    <p class='ocr_par' dir='ltr' id='par_1_3' title="bbox 72 532 997 1943">
     <span class='ocr_line' id='line_1_4' title="bbox 116 532 995 623; baseline 0.001 -13"><span class='ocrx_word' id='word_1_18' title='bbox 116 549 203 610; x_wconf 87' lang='lat' dir='ltr'><strong>Idem</strong></span> <span class='ocrx_word' id='word_1_19' title='bbox 228 547 432 620; x_wconf 80' lang='lat' dir='ltr'><strong>Patrisrchsc</strong></span> <span class='ocrx_word' id='word_1_20' title='bbox 455 547 632 608; x_wconf 83' lang='lat' dir='ltr'><strong>Abrshumo</strong></span> <span class='ocrx_word' id='word_1_21' title='bbox 661 532 788 623; x_wconf 82' lang='lat' dir='ltr'><strong>occidit3</strong></span> <span class='ocrx_word' id='word_1_22' title='bbox 819 547 919 616; x_wconf 77' lang='lat' dir='ltr'><strong>luetur</strong></span> <span class='ocrx_word' id='word_1_23' title='bbox 948 561 995 611; x_wconf 85' lang='lat' dir='ltr'><strong>est</strong></span> 
     </span>
     <span class='ocr_line' id='line_1_5' title="bbox 72 646 995 736; baseline 0.002 -24"><span class='ocrx_word' id='word_1_24' title='bbox 72 648 170 712; x_wconf 80' lang='lat' dir='ltr'><strong>tuoto</strong></span> <span class='ocrx_word' id='word_1_25' title='bbox 193 646 287 723; x_wconf 83' lang='lat' dir='ltr'><strong>filio,</strong></span> <span class='ocrx_word' id='word_1_26' title='bbox 317 648 438 736; x_wconf 78' lang='lat' dir='ltr'><strong>quserit</strong></span> <span class='ocrx_word' id='word_1_27' title='bbox 465 651 493 711; x_wconf 92' lang='lat' dir='ltr'><strong>ei</strong></span> <span class='ocrx_word' id='word_1_28' title='bbox 515 650 712 711; x_wconf 73' lang='lat' dir='ltr'><strong>commodum</strong></span> <span class='ocrx_word' id='word_1_29' title='bbox 742 649 929 729; x_wconf 78' lang='lat' dir='ltr'><strong>hospitium,</strong></span> <span class='ocrx_word' id='word_1_30' title='bbox 959 672 995 715; x_wconf 86' lang='lat' dir='ltr'><strong>so</strong></span> 
     </span>
     <span class='ocr_line' id='line_1_6' title="bbox 72 744 995 832; baseline 0 -19"><span class='ocrx_word' id='word_1_31' title='bbox 72 766 125 814; x_wconf 78' lang='lat' dir='ltr'><strong>tens</strong></span> <span class='ocrx_word' id='word_1_32' title='bbox 142 753 306 814; x_wconf 86' lang='lat' dir='ltr'><strong>benedicit</strong></span> <span class='ocrx_word' id='word_1_33' title='bbox 327 754 380 829; x_wconf 78' lang='lat' dir='ltr'><strong>ei,</strong></span> <span class='ocrx_word' id='word_1_34' title='bbox 402 750 523 814; x_wconf 74' lang='lat' dir='ltr'><strong>etfacit</strong></span> <span class='ocrx_word' id='word_1_35' title='bbox 545 773 614 812; x_wconf 85' lang='lat' dir='ltr'><strong>eum</strong></span> <span class='ocrx_word' id='word_1_36' title='bbox 637 744 773 813; x_wconf 75' lang='lat' dir='ltr'><strong>crescere</strong></span> <span class='ocrx_word' id='word_1_37' title='bbox 800 753 906 814; x_wconf 89' lang='lat' dir='ltr'><strong>multis</strong></span> <span class='ocrx_word' id='word_1_38' title='bbox 928 753 995 832; x_wconf 86' lang='lat' dir='ltr'><strong>opi-</strong></span> 
     </span>
     <span class='ocr_line' id='line_1_7' title="bbox 72 853 996 943; baseline -0.006 -26"><span class='ocrx_word' id='word_1_39' title='bbox 72 880 119 931; x_wconf 87' lang='lat' dir='ltr'><strong>·us;</strong></span> <span class='ocrx_word' id='word_1_40' title='bbox 139 869 230 916; x_wconf 80' lang='lat' dir='ltr'><strong>ornat</strong></span> <span class='ocrx_word' id='word_1_41' title='bbox 254 878 326 917; x_wconf 83' lang='lat' dir='ltr'><strong>cum</strong></span> <span class='ocrx_word' id='word_1_42' title='bbox 348 857 449 943; x_wconf 76' lang='lat' dir='ltr'><strong>&#39;glorie</strong></span> <span class='ocrx_word' id='word_1_43' title='bbox 470 853 662 928; x_wconf 78' lang='lat' dir='ltr'><strong>sacerdotali,</strong></span> <span class='ocrx_word' id='word_1_44' title='bbox 685 866 715 914; x_wconf 93' lang='lat' dir='ltr'><strong>et</strong></span> <span class='ocrx_word' id='word_1_45' title='bbox 735 854 843 914; x_wconf 87' lang='lat' dir='ltr'><strong>concio</strong></span> <span class='ocrx_word' id='word_1_46' title='bbox 863 854 901 914; x_wconf 88' lang='lat' dir='ltr'><strong>do</strong></span> <span class='ocrx_word' id='word_1_47' title='bbox 915 874 996 935; x_wconf 78' lang='lat' dir='ltr'><strong>‚prp-</strong></span> 
     </span>
     <span class='ocr_line' id='line_1_8' title="bbox 72 955 994 1040; baseline -0.002 -20"><span class='ocrx_word' id='word_1_48' title='bbox 72 960 187 1020; x_wconf 86' lang='lat' dir='ltr'><strong>rissione</strong></span> <span class='ocrx_word' id='word_1_49' title='bbox 208 971 316 1020; x_wconf 86' lang='lat' dir='ltr'><strong>terrae</strong></span> <span class='ocrx_word' id='word_1_50' title='bbox 337 961 460 1022; x_wconf 86' lang='lat' dir='ltr'><strong>Csnson</strong></span> <span class='ocrx_word' id='word_1_51' title='bbox 489 959 635 1039; x_wconf 75' lang='lat' dir='ltr'><strong>rulgstur</strong></span> <span class='ocrx_word' id='word_1_52' title='bbox 665 978 722 1040; x_wconf 91' lang='lat' dir='ltr'><strong>per</strong></span> <span class='ocrx_word' id='word_1_53' title='bbox 744 977 867 1017; x_wconf 90' lang='lat' dir='ltr'><strong>omnem</strong></span> <span class='ocrx_word' id='word_1_54' title='bbox 890 955 994 1019; x_wconf 79' lang='lat' dir='ltr'><strong>Prlse·</strong></span> 
     </span>
     <span class='ocr_line' id='line_1_9' title="bbox 72 1059 994 1144; baseline -0.002 -23"><span class='ocrx_word' id='word_1_55' title='bbox 72 1061 157 1121; x_wconf 73' lang='lat' dir='ltr'><strong>inem.</strong></span> <span class='ocrx_word' id='word_1_56' title='bbox 179 1059 350 1122; x_wconf 81' lang='lat' dir='ltr'><strong>Excitatur</strong></span> <span class='ocrx_word' id='word_1_57' title='bbox 370 1062 466 1144; x_wconf 83' lang='lat' dir='ltr'><strong>igitur</strong></span> <span class='ocrx_word' id='word_1_58' title='bbox 485 1059 612 1134; x_wconf 78' lang='lat' dir='ltr'><strong>invidia,</strong></span> <span class='ocrx_word' id='word_1_59' title='bbox 634 1075 674 1136; x_wconf 82' lang='lat' dir='ltr'><strong>ct,</strong></span> <span class='ocrx_word' id='word_1_60' title='bbox 694 1075 728 1122; x_wconf 91' lang='lat' dir='ltr'><strong>ut</strong></span> <span class='ocrx_word' id='word_1_61' title='bbox 749 1059 829 1121; x_wconf 87' lang='lat' dir='ltr'><strong>infrs</strong></span> <span class='ocrx_word' id='word_1_62' title='bbox 841 1073 994 1142; x_wconf 77' lang='lat' dir='ltr'><strong>sequetur,</strong></span> 
     </span>
     <span class='ocr_line' id='line_1_10' title="bbox 72 1160 996 1246; baseline 0.004 -27"><span class='ocrx_word' id='word_1_63' title='bbox 72 1160 245 1243; x_wconf 67' lang='lat' dir='ltr'><strong>cotidianae</strong></span> <span class='ocrx_word' id='word_1_64' title='bbox 276 1162 360 1224; x_wconf 75' lang='lat' dir='ltr'><strong>rixae</strong></span> <span class='ocrx_word' id='word_1_65' title='bbox 381 1163 674 1245; x_wconf 76' lang='lat' dir='ltr'><strong>oriunturpropter</strong></span> <span class='ocrx_word' id='word_1_66' title='bbox 694 1186 824 1244; x_wconf 86' lang='lat' dir='ltr'><strong>squsm,</strong></span> <span class='ocrx_word' id='word_1_67' title='bbox 846 1185 908 1246; x_wconf 84' lang='lat' dir='ltr'><strong>qus</strong></span> <span class='ocrx_word' id='word_1_68' title='bbox 930 1183 996 1223; x_wconf 84' lang='lat' dir='ltr'><strong>non</strong></span> 
     </span>
     <span class='ocr_line' id='line_1_11' title="bbox 72 1264 996 1347; baseline 0.001 -23"><span class='ocrx_word' id='word_1_69' title='bbox 72 1264 139 1324; x_wconf 87' lang='lat' dir='ltr'><strong>otuit</strong></span> <span class='ocrx_word' id='word_1_70' title='bbox 161 1282 293 1337; x_wconf 81' lang='lat' dir='ltr'><strong>curere3</strong></span> <span class='ocrx_word' id='word_1_71' title='bbox 324 1264 397 1346; x_wconf 27' lang='lat' dir='ltr'><strong>quis,</strong></span> <span class='ocrx_word' id='word_1_72' title='bbox 419 1278 522 1326; x_wconf 87' lang='lat' dir='ltr'><strong>sutem</strong></span> <span class='ocrx_word' id='word_1_73' title='bbox 549 1266 748 1327; x_wconf 84' lang='lat' dir='ltr'><strong>incommodo</strong></span> <span class='ocrx_word' id='word_1_74' title='bbox 769 1265 889 1338; x_wconf 84' lang='lat' dir='ltr'><strong>omnin,</strong></span> <span class='ocrx_word' id='word_1_75' title='bbox 917 1285 996 1347; x_wconf 86' lang='lat' dir='ltr'><strong>quse</strong></span> 
     </span>
     <span class='ocr_line' id='line_1_12' title="bbox 72 1361 997 1446; baseline 0.005 -26"><span class='ocrx_word' id='word_1_76' title='bbox 72 1361 172 1446; x_wconf 58' lang='lat' dir='ltr'><strong>iugulis</strong></span> <span class='ocrx_word' id='word_1_77' title='bbox 202 1361 321 1424; x_wconf 85' lang='lat' dir='ltr'><strong>diebus</strong></span> <span class='ocrx_word' id='word_1_78' title='bbox 342 1385 425 1426; x_wconf 83' lang='lat' dir='ltr'><strong>nova</strong></span> <span class='ocrx_word' id='word_1_79' title='bbox 444 1378 516 1425; x_wconf 88' lang='lat' dir='ltr'><strong>nsts</strong></span> <span class='ocrx_word' id='word_1_80' title='bbox 537 1377 628 1439; x_wconf 85' lang='lat' dir='ltr'><strong>sunt,</strong></span> <span class='ocrx_word' id='word_1_81' title='bbox 657 1365 909 1427; x_wconf 76' lang='lat' dir='ltr'><strong>enumeraverit?</strong></span> <span class='ocrx_word' id='word_1_82' title='bbox 937 1363 997 1425; x_wconf 42' lang='lat' dir='ltr'><strong>Fe*</strong></span> 
     </span>
     <span class='ocr_line' id='line_1_13' title="bbox 72 1460 997 1550; baseline -0.004 -24"><span class='ocrx_word' id='word_1_83' title='bbox 72 1464 228 1527; x_wconf 81' lang='lat' dir='ltr'><strong>rudissims</strong></span> <span class='ocrx_word' id='word_1_84' title='bbox 253 1465 336 1527; x_wconf 86' lang='lat' dir='ltr'><strong>enim</strong></span> <span class='ocrx_word' id='word_1_85' title='bbox 359 1466 542 1550; x_wconf 78' lang='lat' dir='ltr'><strong>injuriarum</strong></span> <span class='ocrx_word' id='word_1_86' title='bbox 565 1480 611 1529; x_wconf 85' lang='lat' dir='ltr'><strong>est</strong></span> <span class='ocrx_word' id='word_1_87' title='bbox 631 1467 755 1529; x_wconf 87' lang='lat' dir='ltr'><strong>invidis.</strong></span> <span class='ocrx_word' id='word_1_88' title='bbox 777 1464 916 1527; x_wconf 79' lang='lat' dir='ltr'><strong>Discedit</strong></span> <span class='ocrx_word' id='word_1_89' title='bbox 935 1460 997 1547; x_wconf 84' lang='lat' dir='ltr'><strong>igi·</strong></span> 
     </span>
     <span class='ocr_line' id='line_1_14' title="bbox 72 1554 997 1648; baseline -0.006 -17"><span class='ocrx_word' id='word_1_90' title='bbox 72 1593 92 1631; x_wconf 82' lang='lat' dir='ltr'><strong>u</strong></span> <span class='ocrx_word' id='word_1_91' title='bbox 109 1590 145 1630; x_wconf 84' lang='lat' dir='ltr'><strong>ex</strong></span> <span class='ocrx_word' id='word_1_92' title='bbox 166 1567 299 1643; x_wconf 80' lang='lat' dir='ltr'><strong>Gerar,</strong></span> <span class='ocrx_word' id='word_1_93' title='bbox 320 1589 462 1630; x_wconf 85' lang='lat' dir='ltr'><strong>cessurus</strong></span> <span class='ocrx_word' id='word_1_94' title='bbox 483 1570 599 1632; x_wconf 85' lang='lat' dir='ltr'><strong>seilicet</strong></span> <span class='ocrx_word' id='word_1_95' title='bbox 619 1571 762 1631; x_wconf 77' lang='lat' dir='ltr'><strong>invidiae.</strong></span> <span class='ocrx_word' id='word_1_96' title='bbox 806 1567 876 1630; x_wconf 91' lang='lat' dir='ltr'><strong>Deo</strong></span> <span class='ocrx_word' id='word_1_97' title='bbox 897 1554 997 1648; x_wconf 83' lang='lat' dir='ltr'><strong>igitur</strong></span> 
     </span>
     <span class='ocr_line' id='line_1_15' title="bbox 72 1656 997 1760; baseline -0.011 -24"><span class='ocrx_word' id='word_1_98' title='bbox 72 1656 102 1737; x_wconf 80' lang='lat' dir='ltr'><strong>oo</strong></span> <span class='ocrx_word' id='word_1_99' title='bbox 122 1692 235 1760; x_wconf 83' lang='lat' dir='ltr'><strong>genus,</strong></span> <span class='ocrx_word' id='word_1_100' title='bbox 258 1673 340 1731; x_wconf 81' lang='lat' dir='ltr'><strong>ritae</strong></span> <span class='ocrx_word' id='word_1_101' title='bbox 359 1669 566 1750; x_wconf 77' lang='lat' dir='ltr'><strong>gratissimum</strong></span> <span class='ocrx_word' id='word_1_102' title='bbox 597 1683 658 1746; x_wconf 88' lang='lat' dir='ltr'><strong>est,</strong></span> <span class='ocrx_word' id='word_1_103' title='bbox 688 1666 868 1731; x_wconf 80' lang='lat' dir='ltr'><strong>benefecere</strong></span> <span class='ocrx_word' id='word_1_104' title='bbox 899 1664 997 1757; x_wconf 86' lang='lat' dir='ltr'><strong>omni·</strong></span> 
     </span>
     <span class='ocr_line' id='line_1_16' title="bbox 72 1769 996 1854; baseline -0.008 -16"><span class='ocrx_word' id='word_1_105' title='bbox 72 1800 120 1851; x_wconf 86' lang='lat' dir='ltr'><strong>m,</strong></span> <span class='ocrx_word' id='word_1_106' title='bbox 147 1789 177 1836; x_wconf 88' lang='lat' dir='ltr'><strong>et</strong></span> <span class='ocrx_word' id='word_1_107' title='bbox 210 1788 321 1835; x_wconf 80' lang='lat' dir='ltr'><strong>tomen</strong></span> <span class='ocrx_word' id='word_1_108' title='bbox 351 1774 500 1835; x_wconf 81' lang='lat' dir='ltr'><strong>sustinere</strong></span> <span class='ocrx_word' id='word_1_109' title='bbox 519 1772 689 1850; x_wconf 77' lang='lat' dir='ltr'><strong>insidiam,</strong></span> <span class='ocrx_word' id='word_1_110' title='bbox 710 1773 836 1848; x_wconf 89' lang='lat' dir='ltr'><strong>odium,</strong></span> <span class='ocrx_word' id='word_1_111' title='bbox 865 1769 996 1854; x_wconf 81' lang='lat' dir='ltr'><strong>injurios</strong></span> 
     </span>
     <span class='ocr_line' id='line_1_17' title="bbox 72 1872 824 1943; baseline -0.02 0"><span class='ocrx_word' id='word_1_112' title='bbox 72 1879 169 1943; x_wconf 76' lang='lat' dir='ltr'><strong>tisboli</strong></span> <span class='ocrx_word' id='word_1_113' title='bbox 189 1890 224 1939; x_wconf 83' lang='lat' dir='ltr'><strong>ct</strong></span> <span class='ocrx_word' id='word_1_114' title='bbox 246 1874 421 1937; x_wconf 85' lang='lat' dir='ltr'><strong>hominum.</strong></span> <span class='ocrx_word' id='word_1_115' title='bbox 817 1872 824 1881; x_wconf 83' lang='lat'>&#39;</span> 
     </span>
    </p>

    <p class='ocr_par' dir='ltr' id='par_1_4' title="bbox 72 1975 1021 2979">
     <span class='ocr_line' id='line_1_18' title="bbox 130 1975 997 2064; baseline -0.008 -22"><span class='ocrx_word' id='word_1_116' title='bbox 130 1980 222 2064; x_wconf 78' lang='lat' dir='ltr'><strong>Quod</strong></span> <span class='ocrx_word' id='word_1_117' title='bbox 252 1979 295 2040; x_wconf 82' lang='lat' dir='ltr'><strong>sd</strong></span> <span class='ocrx_word' id='word_1_118' title='bbox 323 1977 481 2039; x_wconf 75' lang='lat' dir='ltr'><strong>historiam</strong></span> <span class='ocrx_word' id='word_1_119' title='bbox 511 1978 634 2056; x_wconf 74' lang='lat' dir='ltr'><strong>attinet,</strong></span> <span class='ocrx_word' id='word_1_120' title='bbox 664 1976 741 2040; x_wconf 86' lang='lat' dir='ltr'><strong>mihi</strong></span> <span class='ocrx_word' id='word_1_121' title='bbox 769 1997 833 2038; x_wconf 90' lang='lat' dir='ltr'><strong>non</strong></span> <span class='ocrx_word' id='word_1_122' title='bbox 862 1975 997 2052; x_wconf 84' lang='lat' dir='ltr'><strong>ridetur,</strong></span> 
     </span>
     <span class='ocr_line' id='line_1_19' title="bbox 72 2079 1021 2168; baseline -0.005 -23"><span class='ocrx_word' id='word_1_123' title='bbox 72 2084 136 2168; x_wconf 66' lang='lat' dir='ltr'><strong>ruod</strong></span> <span class='ocrx_word' id='word_1_124' title='bbox 152 2105 205 2144; x_wconf 82' lang='lat' dir='ltr'><strong>rex</strong></span> <span class='ocrx_word' id='word_1_125' title='bbox 229 2103 286 2142; x_wconf 84' lang='lat' dir='ltr'><strong>sus</strong></span> <span class='ocrx_word' id='word_1_126' title='bbox 313 2091 423 2160; x_wconf 87' lang='lat' dir='ltr'><strong>sponte</strong></span> <span class='ocrx_word' id='word_1_127' title='bbox 448 2079 498 2139; x_wconf 86' lang='lat' dir='ltr'><strong>vel</strong></span> <span class='ocrx_word' id='word_1_128' title='bbox 517 2080 651 2162; x_wconf 87' lang='lat' dir='ltr'><strong>proprio</strong></span> <span class='ocrx_word' id='word_1_129' title='bbox 672 2093 760 2143; x_wconf 86' lang='lat' dir='ltr'><strong>motu</strong></span> <span class='ocrx_word' id='word_1_130' title='bbox 781 2080 997 2140; x_wconf 79' lang='lat' dir='ltr'><strong>Abrshrmum</strong></span> <span class='ocrx_word' id='word_1_131' title='bbox 1018 2093 1021 2101; x_wconf 87' lang='lat'>&#39;</span> 
     </span>
     <span class='ocr_line' id='line_1_20' title="bbox 73 2176 999 2268; baseline -0.009 -21"><span class='ocrx_word' id='word_1_132' title='bbox 73 2184 272 2268; x_wconf 66' lang='lat' dir='ltr'><strong>ompuliavit‘3</strong></span> <span class='ocrx_word' id='word_1_133' title='bbox 295 2183 348 2245; x_wconf 84' lang='lat' dir='ltr'><strong>ted</strong></span> <span class='ocrx_word' id='word_1_134' title='bbox 369 2178 515 2266; x_wconf 74' lang='lat' dir='ltr'><strong>proceres</strong></span> <span class='ocrx_word' id='word_1_135' title='bbox 535 2179 568 2239; x_wconf 93' lang='lat' dir='ltr'><strong>in</strong></span> <span class='ocrx_word' id='word_1_136' title='bbox 589 2179 658 2240; x_wconf 84' lang='lat' dir='ltr'><strong>ruis</strong></span> <span class='ocrx_word' id='word_1_137' title='bbox 680 2180 744 2242; x_wconf 90' lang='lat' dir='ltr'><strong>dies</strong></span> <span class='ocrx_word' id='word_1_138' title='bbox 768 2193 936 2262; x_wconf 86' lang='lat' dir='ltr'><strong>noctesque</strong></span> <span class='ocrx_word' id='word_1_139' title='bbox 957 2176 999 2240; x_wconf 82' lang='lat' dir='ltr'><strong>fs·</strong></span> 
     </span>
     <span class='ocr_line' id='line_1_21' title="bbox 72 2268 999 2372; baseline -0.006 -24"><span class='ocrx_word' id='word_1_140' title='bbox 72 2288 224 2372; x_wconf 50' lang='lat' dir='ltr'><strong>&#39;usserunt</strong></span> <span class='ocrx_word' id='word_1_141' title='bbox 244 2285 357 2369; x_wconf 92' lang='lat' dir='ltr'><strong>optimi</strong></span> <span class='ocrx_word' id='word_1_142' title='bbox 379 2285 463 2367; x_wconf 80' lang='lat' dir='ltr'><strong>regis</strong></span> <span class='ocrx_word' id='word_1_143' title='bbox 484 2304 608 2359; x_wconf 57' lang='lat' dir='ltr'><strong>aures,</strong></span> <span class='ocrx_word' id='word_1_144' title='bbox 625 2304 664 2344; x_wconf 90' lang='lat' dir='ltr'><strong>nc</strong></span> <span class='ocrx_word' id='word_1_145' title='bbox 684 2283 718 2343; x_wconf 90' lang='lat' dir='ltr'><strong>in</strong></span> <span class='ocrx_word' id='word_1_146' title='bbox 739 2281 895 2364; x_wconf 74' lang='lat' dir='ltr'><strong>praesenti</strong></span> <span class='ocrx_word' id='word_1_147' title='bbox 917 2268 999 2362; x_wconf 70' lang='lat' dir='ltr'><strong>prri-</strong></span> 
     </span>
     <span class='ocr_line' id='line_1_22' title="bbox 72 2383 999 2470; baseline -0.005 -20"><span class='ocrx_word' id='word_1_148' title='bbox 72 2389 119 2450; x_wconf 90' lang='lat' dir='ltr'><strong>ulo</strong></span> <span class='ocrx_word' id='word_1_149' title='bbox 131 2400 285 2464; x_wconf 83' lang='lat' dir='ltr'><strong>sterteret,</strong></span> <span class='ocrx_word' id='word_1_150' title='bbox 308 2402 339 2450; x_wconf 90' lang='lat' dir='ltr'><strong>et</strong></span> <span class='ocrx_word' id='word_1_151' title='bbox 349 2401 518 2470; x_wconf 79' lang='lat' dir='ltr'><strong>pateretur,</strong></span> <span class='ocrx_word' id='word_1_152' title='bbox 540 2386 599 2448; x_wconf 90' lang='lat' dir='ltr'><strong>sibi</strong></span> <span class='ocrx_word' id='word_1_153' title='bbox 611 2385 691 2466; x_wconf 86' lang='lat' dir='ltr'><strong>eripi</strong></span> <span class='ocrx_word' id='word_1_154' title='bbox 706 2407 841 2470; x_wconf 81' lang='lat' dir='ltr'><strong>regnum</strong></span> <span class='ocrx_word' id='word_1_155' title='bbox 857 2383 896 2445; x_wconf 83' lang='lat' dir='ltr'><strong>sb</strong></span> <span class='ocrx_word' id='word_1_156' title='bbox 913 2394 999 2445; x_wconf 84' lang='lat' dir='ltr'><strong>extu·</strong></span> 
     </span>
     <span class='ocr_line' id='line_1_23' title="bbox 72 2488 1000 2571; baseline -0.006 -18"><span class='ocrx_word' id='word_1_157' title='bbox 72 2514 96 2553; x_wconf 80' lang='lat' dir='ltr'><strong>rr</strong></span> <span class='ocrx_word' id='word_1_158' title='bbox 117 2511 259 2553; x_wconf 84' lang='lat' dir='ltr'><strong>creseere</strong></span> <span class='ocrx_word' id='word_1_159' title='bbox 280 2490 361 2550; x_wconf 86' lang='lat' dir='ltr'><strong>enim</strong></span> <span class='ocrx_word' id='word_1_160' title='bbox 383 2511 465 2564; x_wconf 89' lang='lat' dir='ltr'><strong>eum,</strong></span> <span class='ocrx_word' id='word_1_161' title='bbox 486 2501 517 2550; x_wconf 89' lang='lat' dir='ltr'><strong>et</strong></span> <span class='ocrx_word' id='word_1_162' title='bbox 533 2488 692 2568; x_wconf 82' lang='lat' dir='ltr'><strong>adspirare</strong></span> <span class='ocrx_word' id='word_1_163' title='bbox 703 2488 741 2547; x_wconf 88' lang='lat' dir='ltr'><strong>sd</strong></span> <span class='ocrx_word' id='word_1_164' title='bbox 757 2505 1000 2571; x_wconf 83' lang='lat' dir='ltr'><strong>reguumprop·</strong></span> 
     </span>
     <span class='ocr_line' id='line_1_24' title="bbox 72 2589 1001 2676; baseline -0.002 -23"><span class='ocrx_word' id='word_1_165' title='bbox 72 2615 98 2653; x_wconf 81' lang='lat' dir='ltr'><strong>rr</strong></span> <span class='ocrx_word' id='word_1_166' title='bbox 117 2595 223 2654; x_wconf 85' lang='lat' dir='ltr'><strong>nescio</strong></span> <span class='ocrx_word' id='word_1_167' title='bbox 250 2615 344 2676; x_wconf 81' lang='lat' dir='ltr'><strong>quam</strong></span> <span class='ocrx_word' id='word_1_168' title='bbox 373 2590 630 2676; x_wconf 85' lang='lat' dir='ltr'><strong>promissionem:</strong></span> <span class='ocrx_word' id='word_1_169' title='bbox 663 2589 799 2650; x_wconf 78' lang='lat' dir='ltr'><strong>stabiliat</strong></span> <span class='ocrx_word' id='word_1_170' title='bbox 825 2589 921 2672; x_wconf 83' lang='lat' dir='ltr'><strong>igitur</strong></span> <span class='ocrx_word' id='word_1_171' title='bbox 948 2608 1001 2651; x_wconf 74' lang='lat' dir='ltr'><strong>rex</strong></span> 
     </span>
     <span class='ocr_line' id='line_1_25' title="bbox 72 2691 1001 2782; baseline 0.001 -28"><span class='ocrx_word' id='word_1_172' title='bbox 72 2697 230 2758; x_wconf 76' lang='lat' dir='ltr'><strong>ibimeiech</strong></span> <span class='ocrx_word' id='word_1_173' title='bbox 251 2718 385 2782; x_wconf 83' lang='lat' dir='ltr'><strong>regnum</strong></span> <span class='ocrx_word' id='word_1_174' title='bbox 407 2696 467 2757; x_wconf 89' lang='lat' dir='ltr'><strong>sibi</strong></span> <span class='ocrx_word' id='word_1_175' title='bbox 487 2707 517 2768; x_wconf 87' lang='lat' dir='ltr'><strong>et</strong></span> <span class='ocrx_word' id='word_1_176' title='bbox 537 2692 669 2776; x_wconf 82' lang='lat' dir='ltr'><strong>posteris</strong></span> <span class='ocrx_word' id='word_1_177' title='bbox 690 2693 762 2754; x_wconf 87' lang='lat' dir='ltr'><strong>suis.</strong></span> <span class='ocrx_word' id='word_1_178' title='bbox 793 2691 876 2753; x_wconf 82' lang='lat' dir='ltr'><strong>Illud</strong></span> <span class='ocrx_word' id='word_1_179' title='bbox 896 2704 1001 2761; x_wconf 75' lang='lat' dir='ltr'><strong>sutem</strong></span> 
     </span>
     <span class='ocr_line' id='line_1_26' title="bbox 72 2782 1001 2885; baseline -0.002 -25"><span class='ocrx_word' id='word_1_180' title='bbox 72 2800 163 2860; x_wconf 76' lang='lat' dir='ltr'><strong>eutius</strong></span> <span class='ocrx_word' id='word_1_181' title='bbox 184 2795 254 2860; x_wconf 88' lang='lat' dir='ltr'><strong>fieri</strong></span> <span class='ocrx_word' id='word_1_182' title='bbox 273 2818 337 2861; x_wconf 90' lang='lat' dir='ltr'><strong>uon</strong></span> <span class='ocrx_word' id='word_1_183' title='bbox 358 2782 472 2882; x_wconf 79' lang='lat' dir='ltr'><strong>posse,</strong></span> <span class='ocrx_word' id='word_1_184' title='bbox 499 2820 592 2885; x_wconf 76' lang='lat' dir='ltr'><strong>qnam</strong></span> <span class='ocrx_word' id='word_1_185' title='bbox 620 2795 827 2858; x_wconf 85' lang='lat' dir='ltr'><strong>intercedente</strong></span> <span class='ocrx_word' id='word_1_186' title='bbox 847 2795 1001 2881; x_wconf 80' lang='lat' dir='ltr'><strong>religiono</strong></span> 
     </span>
     <span class='ocr_line' id='line_1_27' title="bbox 72 2901 227 2979; baseline -0.019 -16"><span class='ocrx_word' id='word_1_187' title='bbox 72 2901 227 2979; x_wconf 64' lang='lat' dir='ltr'><strong>prementi.</strong></span> 
     </span>
    </p>

    <p class='ocr_par' dir='ltr' id='par_1_5' title="bbox 72 2997 1042 3698">
     <span class='ocr_line' id='line_1_28' title="bbox 130 2997 1002 3084; baseline -0.001 -22"><span class='ocrx_word' id='word_1_188' title='bbox 130 3001 234 3083; x_wconf 83' lang='lat' dir='ltr'><strong>Hujus</strong></span> <span class='ocrx_word' id='word_1_189' title='bbox 256 3000 379 3064; x_wconf 85' lang='lat' dir='ltr'><strong>consilii</strong></span> <span class='ocrx_word' id='word_1_190' title='bbox 399 2999 553 3076; x_wconf 87' lang='lat' dir='ltr'><strong>Phichol,</strong></span> <span class='ocrx_word' id='word_1_191' title='bbox 575 2998 636 3063; x_wconf 84' lang='lat' dir='ltr'><strong>dux</strong></span> <span class='ocrx_word' id='word_1_192' title='bbox 656 2998 781 3084; x_wconf 86' lang='lat' dir='ltr'><strong>regius,</strong></span> <span class='ocrx_word' id='word_1_193' title='bbox 803 3012 913 3062; x_wconf 80' lang='lat' dir='ltr'><strong>ructor</strong></span> <span class='ocrx_word' id='word_1_194' title='bbox 932 2997 1002 3076; x_wconf 82' lang='lat' dir='ltr'><strong>fuit,</strong></span> 
     </span>
     <span class='ocr_line' id='line_1_29' title="bbox 72 3096 1042 3188; baseline 0.004 -27"><span class='ocrx_word' id='word_1_195' title='bbox 72 3100 282 3188; x_wconf 78' lang='lat' dir='ltr'><strong>romagniiicis</strong></span> <span class='ocrx_word' id='word_1_196' title='bbox 305 3103 416 3179; x_wconf 87' lang='lat' dir='ltr'><strong>verbis,</strong></span> <span class='ocrx_word' id='word_1_197' title='bbox 438 3102 546 3186; x_wconf 76' lang='lat' dir='ltr'><strong>qualis</strong></span> <span class='ocrx_word' id='word_1_198' title='bbox 565 3096 738 3165; x_wconf 78' lang='lat' dir='ltr'><strong>criticorum</strong></span> <span class='ocrx_word' id='word_1_199' title='bbox 759 3113 840 3177; x_wconf 88' lang='lat' dir='ltr'><strong>sunt,</strong></span> <span class='ocrx_word' id='word_1_200' title='bbox 861 3100 1003 3183; x_wconf 86' lang='lat' dir='ltr'><strong>perpulit</strong></span> <span class='ocrx_word' id='word_1_201' title='bbox 1037 3122 1042 3139; x_wconf 86' lang='lat'><em>¹</em></span> 
     </span>
     <span class='ocr_line' id='line_1_30' title="bbox 72 3192 1002 3288; baseline 0.005 -26"><span class='ocrx_word' id='word_1_202' title='bbox 72 3192 168 3286; x_wconf 79' lang='lat' dir='ltr'><strong>irgem,</strong></span> <span class='ocrx_word' id='word_1_203' title='bbox 190 3225 230 3265; x_wconf 85' lang='lat' dir='ltr'><strong>ne</strong></span> <span class='ocrx_word' id='word_1_204' title='bbox 252 3204 408 3271; x_wconf 80' lang='lat' dir='ltr'><strong>videretur</strong></span> <span class='ocrx_word' id='word_1_205' title='bbox 429 3225 460 3266; x_wconf 90' lang='lat' dir='ltr'><strong>se</strong></span> <span class='ocrx_word' id='word_1_206' title='bbox 482 3219 511 3267; x_wconf 91' lang='lat' dir='ltr'><strong>et</strong></span> <span class='ocrx_word' id='word_1_207' title='bbox 532 3224 606 3265; x_wconf 87' lang='lat' dir='ltr'><strong>suos</strong></span> <span class='ocrx_word' id='word_1_208' title='bbox 627 3204 798 3288; x_wconf 81' lang='lat' dir='ltr'><strong>negligere.</strong></span> <span class='ocrx_word' id='word_1_209' title='bbox 840 3203 899 3266; x_wconf 83' lang='lat' dir='ltr'><strong>Hic</strong></span> <span class='ocrx_word' id='word_1_210' title='bbox 919 3203 1002 3267; x_wconf 75' lang='lat' dir='ltr'><strong>enim</strong></span> 
     </span>
     <span class='ocr_line' id='line_1_31' title="bbox 74 3294 1002 3391; baseline 0.004 -28"><span class='ocrx_word' id='word_1_211' title='bbox 74 3305 227 3368; x_wconf 83' lang='lat' dir='ltr'><strong>niicorum</strong></span> <span class='ocrx_word' id='word_1_212' title='bbox 257 3309 327 3375; x_wconf 80' lang='lat' dir='ltr'><strong>mos</strong></span> <span class='ocrx_word' id='word_1_213' title='bbox 353 3319 418 3384; x_wconf 68' lang='grc' dir='ltr'><strong>επις</strong></span> <span class='ocrx_word' id='word_1_214' title='bbox 455 3328 525 3369; x_wconf 88' lang='lat' dir='ltr'><strong>cum</strong></span> <span class='ocrx_word' id='word_1_215' title='bbox 552 3305 683 3371; x_wconf 78' lang='lat' dir='ltr'><strong>maxime</strong></span> <span class='ocrx_word' id='word_1_216' title='bbox 717 3294 860 3367; x_wconf 84' lang='lat' dir='ltr'><strong>sidentur</strong></span> <span class='ocrx_word' id='word_1_217' title='bbox 888 3326 1002 3391; x_wconf 85' lang='lat' dir='ltr'><strong>regum</strong></span> 
     </span>
     <span class='ocr_line' id='line_1_32' title="bbox 76 3406 1004 3485; baseline 0 -16"><span class='ocrx_word' id='word_1_218' title='bbox 76 3411 230 3472; x_wconf 78' lang='lat' dir='ltr'><strong>tommodie</strong></span> <span class='ocrx_word' id='word_1_219' title='bbox 249 3410 417 3485; x_wconf 78' lang='lat' dir='ltr'><strong>inservire,</strong></span> <span class='ocrx_word' id='word_1_220' title='bbox 445 3431 503 3472; x_wconf 89' lang='lat' dir='ltr'><strong>suo</strong></span> <span class='ocrx_word' id='word_1_221' title='bbox 531 3407 696 3472; x_wconf 89' lang='lat' dir='ltr'><strong>commodo</strong></span> <span class='ocrx_word' id='word_1_222' title='bbox 718 3407 862 3482; x_wconf 84' lang='lat' dir='ltr'><strong>student,</strong></span> <span class='ocrx_word' id='word_1_223' title='bbox 885 3419 921 3468; x_wconf 88' lang='lat' dir='ltr'><strong>ut</strong></span> <span class='ocrx_word' id='word_1_224' title='bbox 941 3406 1004 3470; x_wconf 72' lang='lat' dir='ltr'>nihi</span> 
     </span>
     <span class='ocr_line' id='line_1_33' title="bbox 73 3500 1002 3595; baseline 0.002 -25"><span class='ocrx_word' id='word_1_225' title='bbox 73 3513 271 3576; x_wconf 79' lang='lat' dir='ltr'><strong>notoritstem</strong></span> <span class='ocrx_word' id='word_1_226' title='bbox 300 3510 489 3595; x_wconf 75' lang='lat' dir='ltr'><strong>computent.</strong></span> <span class='ocrx_word' id='word_1_227' title='bbox 513 3500 597 3572; x_wconf 57' lang='lat' dir='ltr'><strong>&#39;Rex</strong></span> <span class='ocrx_word' id='word_1_228' title='bbox 625 3531 690 3572; x_wconf 92' lang='lat' dir='ltr'><strong>non</strong></span> <span class='ocrx_word' id='word_1_229' title='bbox 719 3509 864 3582; x_wconf 82' lang='lat' dir='ltr'><strong>credens,</strong></span> <span class='ocrx_word' id='word_1_230' title='bbox 893 3507 1002 3573; x_wconf 74' lang='lat' dir='ltr'><strong>dolum</strong></span> 
     </span>
     <span class='ocr_line' id='line_1_34' title="bbox 72 3609 1003 3698; baseline -0.004 -18"><span class='ocrx_word' id='word_1_231' title='bbox 72 3616 196 3697; x_wconf 68' lang='lat' dir='ltr'><strong>obesse,</strong></span> <span class='ocrx_word' id='word_1_232' title='bbox 227 3636 288 3680; x_wconf 84' lang='lat' dir='ltr'><strong>nec</strong></span> <span class='ocrx_word' id='word_1_233' title='bbox 307 3636 345 3677; x_wconf 81' lang='lat' dir='ltr'><strong>ex</strong></span> <span class='ocrx_word' id='word_1_234' title='bbox 362 3611 482 3675; x_wconf 77' lang='lat' dir='ltr'><strong>invidis</strong></span> <span class='ocrx_word' id='word_1_235' title='bbox 502 3625 532 3676; x_wconf 81' lang='lat' dir='ltr'><strong>et</strong></span> <span class='ocrx_word' id='word_1_236' title='bbox 558 3612 633 3675; x_wconf 89' lang='lat' dir='ltr'><strong>odio</strong></span> <span class='ocrx_word' id='word_1_237' title='bbox 652 3609 827 3698; x_wconf 78' lang='lat' dir='ltr'><strong>proiectum</strong></span> <span class='ocrx_word' id='word_1_238' title='bbox 848 3610 909 3676; x_wconf 83' lang='lat' dir='ltr'><strong>hoo</strong></span> <span class='ocrx_word' id='word_1_239' title='bbox 929 3631 1003 3678; x_wconf 83' lang='lat' dir='ltr'><strong>oon·</strong></span> 
     </span>
    </p>
   </div>
   <div class='ocr_carea' id='block_1_3' title="bbox 0 0 1097 4050">
    <p class='ocr_par' dir='ltr' id='par_1_6' title="bbox 0 0 1097 4050">
     <span class='ocr_line' id='line_1_35' title="bbox 0 0 1097 4050; baseline 0 0"><span class='ocrx_word' id='word_1_240' title='bbox 0 0 1097 4050; x_wconf 95' lang='lat' dir='ltr'><strong> </strong></span> 
     </span>
    </p>
   </div>
  </div>
 </body>
</html>
