2182 4050
328 104 334 119 x
421 176 597 243 genesas.
809 214 815 223 .
921 140 982 235 lto

77 324 100 363 ι
124 318 229 387 supra
255 303 326 369 filio
354 306 562 394 interroganti
589 306 639 387 de>
655 304 791 388 penades
820 305 983 371 ¹Dominus
1051 281 1055 296 Ι

76 404 157 481 labit,
179 406 244 471 hoo
266 418 322 483 eat,
343 408 532 493 providebit.
555 407 645 493 qnasi
665 408 762 470 dieat:
784 409 901 479 etiamsi
923 432 982 481 noa

76 511 216 588 salomam,
237 515 308 598 ipso
329 512 427 588 novit,
452 514 535 575 uude
556 512 707 595 pecudem
729 512 826 574 simus
845 513 983 579 habituri

82 613 273 679 sacrificium
295 617 477 693 lrolooaneti‚
497 617 564 700 ipse
583 616 703 680 viderit.
761 658 763 665 ·

107 730 200 792 Hane
223 730 445 816 etymologiam
467 751 531 793 uon
546 750 675 814 poaenm
691 730 887 814 improbare,
909 730 983 815 quis

76 836 187 897 *miuus
209 835 344 912 ridebat,
366 835 494 913 honest,
516 835 655 910 nutabat,
676 847 711 896 ut
726 834 910 917 impleretur
926 836 984 902 ists

76 940 260 1001 :Abrahae
287 940 328 1001 ad
354 936 472 1002 liliuma
504 938 659 1003 Dominus
679 939 866 1022 providebit.
908 939 982 1004 lnds

76 1064 147 1105 meu
168 1042 271 1106 monti
296 1042 430 1104 inditum
451 1056 513 1113 eat:
543 1042 699 1106 Dominus
726 1042 861 1119 ridebit,
892 1042 984 1129 qussi

76 1158 134 1209 ut:
157 1144 317 1209 Dominus
336 1143 489 1222 intuetur,
510 1157 541 1208 et
560 1158 647 1209 earet
666 1146 749 1208 huno
767 1145 884 1210 locum.
978 1180 982 1228 j

109 1271 220 1353 Atque
247 1272 323 1333 haeo
355 1250 443 1353 quasi
478 1271 608 1333 relativa
644 1268 832 1357 significatio
863 1285 910 1337 eat
944 1272 985 1338 ad

75 1385 172 1435 »ntem
195 1372 323 1458 Morija,
343 1373 376 1435 iu
399 1394 463 1459 quo
478 1374 637 1436 colebatur
647 1372 741 1436 Deua.
762 1373 984 1460 llliuareepeo·

85 1472 148 1537 hoo
170 1494 303 1537 nomena
330 1476 484 1541 Dominus
505 1477 638 1552 videbit,
658 1490 805 1561 tauquam
827 1478 985 1541 correlati-
1050 1560 1053 1565 1

75 1597 105 1638 ua
126 1588 176 1638 est
199 1576 235 1638 ad
256 1595 331 1654 eoa,
359 1579 414 1664 qui
443 1581 588 1643 exsistunt
614 1580 647 1641 in
668 1593 792 1655 moute,
819 1593 850 1643 et
879 1579 986 1645 nolunt

76 1700 157 1753 ηις
193 1699 245 1742 eos
274 1682 357 1744 enim
377 1683 516 1746 vicissim
542 1682 671 1766 respicit
698 1694 729 1746 et
749 1680 868 1744 exaudit
889 1682 984 1747 [laras.¹

76 1804 101 1844 m
128 1782 205 1844 olim
233 1781 334 1869 igitur
360 1808 449 1850 mona
477 1787 535 1848 iste
563 1805 650 1847 sacar
678 1788 807 1872 antiqua
830 1786 985 1873 religione

76 1898 184 1960 auum,
206 1885 287 1947 aiant
307 1908 408 1972 supra·
422 1891 537 1977 dietum
559 1902 617 1966 eet,
638 1911 721 1953 uuna
741 1892 832 1953 etiam
853 1887 892 1952 sb
912 1880 985 1974 ipso¹

76 1992 113 2049 leo
128 1988 340 2053 aauotifiaante
367 2002 397 2053 et
417 2003 543 2053 curante
571 2002 636 2052 tum
665 1992 787 2068 lotum,
814 2004 880 2057 tum
899 1990 986 2072 illos,

76 2091 245 2154 niveuiuut
264 2092 343 2156 illua
363 2092 534 2168 adorantes,
555 2105 750 2157 consecratus
771 2106 825 2157 eat.
931 2118 935 2127 ·

120 2214 215 2278 Plena
227 2208 343 2302 'inque
363 2212 587 2283 consolationis
608 2218 779 2302 appellatio
801 2231 848 2282 eat
861 2216 987 2299 montis,

76 2316 115 2379 nia
134 2318 277 2381 eontinet
296 2320 476 2385 relationem
497 2320 580 2384 inter
594 2322 763 2399 timentem,
783 2322 845 2384 hoa
866 2334 922 2399 est,
941 2307 987 2386 in·

76 2433 221 2497 renotem,
253 2424 371 2507 gratias
402 2414 545 2510 agentem
573 2436 605 2488 et
632 2423 732 2486 Deum
760 2425 987 2509 suscipientem}

78 2547 107 2586 ae
125 2525 337 2589 exaudientem
359 2538 430 2590 rota
451 2541 482 2591 et
501 2547 626 2610 praees,
657 2524 739 2586 inter
760 2506 943 2589 adorantem
953 2540 989 2613 ¹et

76 2630 225 2703 loretum,
246 2629 318 2714 quia
339 2630 402 2714 jam
423 2643 508 2693 autea
529 2628 653 2714 quidam
674 2625 733 2688 fuit
753 2627 841 2689 locus
860 2628 989 2693 destinass

76 2755 95 2795 o
113 2732 211 2795 uultui
232 2732 354 2810 divino,
381 2733 445 2818 jam
465 2753 540 2795 vero
560 2728 652 2817 plaiae
672 2727 872 2819 oonfirmatur
892 2732 991 2795 Abra·

76 2856 131 2909 sm,
151 2834 257 2897 Deum
283 2834 330 2897 ibi
349 2848 541 2919 praesentem
563 2854 647 2910 essa,
677 2845 709 2895 et
737 2832 859 2897 flectere
879 2837 988 2902 ooulos

76 2949 185 3001 taurea
208 2938 248 3002 ad
269 2961 394 3016 omnes,
416 2940 471 3025 qui
491 2938 552 2999 hoe
575 2936 646 2998 loro
668 2938 776 3023 uolunt
797 2949 828 2998 et
846 2937 987 3003 adorant.

121 3061 192 3123 Etsi
221 3063 316 3149 igitur
341 3064 476 3140 metius,
504 3073 540 3125 ut
559 3060 693 3123 Hebraei
713 3062 841 3137 volunt,
867 3064 993 3147 passiva

76 3159 231 3249 gnificatio
254 3167 419 3242 retinetur,
447 3178 550 3227 tamen
577 3187 636 3225 usu
665 3164 787 3227 detorta
806 3174 852 3227 est
872 3186 930 3228 vox
950 3166 990 3231 da

76 3266 174 3347 sadra·
188 3266 221 3327 io
242 3267 385 3345 sativam,
406 3281 442 3330 ut
463 3263 697 3351 significaretur,
719 3268 822 3329 Deum
841 3267 887 3329 ibi
907 3270 992 3333 adea

76 3392 98 3448 t,
116 3382 157 3451 et¹
169 3369 332 3455 vigilantes
353 3371 460 3435 ooulos
482 3369 617 3456 dirigere
636 3368 671 3431 in
692 3388 765 3432 auos
785 3371 929 3435 onltores.

125 3493 184 3557 sie·
199 3492 293 3575 laaob
312 3493 412 3572 infra,
439 3516 511 3559 uum
524 3494 590 3557 'iret
609 3495 643 3559 in
662 3493 1003 3577 Mesopotamiam-,et

76 3609 139 3661 natu
164 3597 199 3661 iu
229 3597 345 3661 somnia
365 3596 480 3662 rideret
506 3596 637 3676 erulam,
667 3609 698 3662 et
727 3596 764 3659 iu
790 3616 825 3660 ea
845 3598 993 3689 Angelos
