2182 4050
89 106 151 229 ido
279 156 529 245 Vigeaimum
548 122 704 221 aeitum
729 166 861 241 eaput

89 322 272 381 tentamento
292 306 416 392 assequi
442 308 522 371 hene
544 292 828 397 magnifieentiem
850 306 1020 375 virtuemi.

90 413 158 476 ietia
179 413 324 477 Patribus
344 422 462 495 peteat3
491 414 614 496 patruli
643 413 749 497 plane
771 423 806 475 et
826 407 959 473 intanta
975 426 1023 477 aad

92 514 132 579 a'd
160 536 211 577 eoa
241 515 357 579 collati.
398 514 494 577 Nihil'
520 516 634 579 habent
666 513 905 577 sanctimoniae
932 528 1025 598 praete

92 619 294 694 caelibatum
333 619 387 683 aed
423 640 493 681 eum
526 640 654 704 qaoque
691 620 802 683 vineit
839 619 1026 702 paregn'nn

90 722 182 785 leaeo.
224 720 312 807 Quin
331 722 422 785 etiam
446 723 625 806 eonjugium
646 722 754 806 ipsine
778 723 885 806 lo'nge
903 736 1029 806 pretate*

90 826 153 888 tina
174 837 221 887 aet
239 825 326 886 omni
347 824 501 888 caelibatu
520 826 782 902 Menaenorum,
804 826 895 891 aient
914 828 985 892 aelia
999 830 1030 893 Ιι

94 950 167 993 men
189 927 302 990 clarina
323 940 369 989 eet
389 929 496 1013 quevis
515 930 654 997 candele.

169 1030 276 1115 itaque
296 1043 360 1092 teta
388 1051 496 1092 eoram
522 1030 584 1093 vita
604 1034 700 1115 plene
724 1044 778 1096 eat
799 1032 981 1110 miraeuii03
1001 1036 1032 1099 vi

89 1147 166 1201 vent
185 1135 269 1197 enim
290 1131 470 1217 aimplieiter
489 1133 528 1195 de
549 1156 642 1197 mann
656 1134 731 1211 Dei,
755 1158 797 1199 ae
821 1140 1032 1222 propemodm

90 1222 127 1305 ei
147 1240 263 1313 nihilo,
282 1235 461 1320 pendente
480 1235 675 1324 benignitate
696 1251 731 1302 et
753 1240 1031 1321 promissionem,

90 1358 122 1410 et
141 1344 219 1407 hene
239 1363 328 1426 apem
347 1337 476 1401 firmiter
489 1340 638 1403 retinent:
660 1341 696 1423 Si
712 1342 817 1406 hodie
841 1342 928 1406 nihil
947 1344 1030 1423 habea

32 1474 35 1481 ·
89 1468 151 1511 neo
172 1446 281 1519 vidae,
307 1443 390 1505 unde
410 1441 528 1519 vivam,
549 1464 616 1506 erae
637 1458 690 1507 aut
713 1446 884 1529 perendie
905 1460 983 1509 enta
997 1470 1030 1511 ae·

90 1551 225 1634 quirem.
264 1542 433 1630 Ejusmodi
451 1545 577 1608 virtutee
604 1547 781 1635 diligenter
805 1550 1028 1617 considerante

90 1666 165 1717 tunt
184 1652 219 1715 in
247 1646 374 1711 hitteria
393 1644 493 1707 leaeo:
520 1648 666 1731 inprimit
685 1666 789 1727 vero,
824 1650 918 1735 qued
942 1652 1027 1736 plena

90 1752 148 1819 fuit
167 1750 229 1815 fide
251 1771 325 1835 erge
345 1748 447 1811 Deum
467 1747 622 1813 faventem
643 1765 673 1813 et
692 1753 854 1815 alentem.

170 1852 291 1915 Deinde
317 1848 487 1913 adsuefecit
511 1851 596 1915 haud
624 1854 724 1919 dubie
755 1857 911 1941 animum
937 1860 972 1923 ad
989 1882 1023 1945 pe

89 1959 242 2030 dentiam,
271 1952 553 2029 manenetudinem,
578 1955 830 2021 beneficentiam
855 1982 932 2046 erge
950 1966 1023 2044 praxi

90 2082 185 2125 mum.
226 2057 342 2121 Didicit
360 2054 441 2119 serre
461 2057 607 2140 injuriae,
628 2060 692 2123 aive
714 2062 806 2143 ipsi,
832 2063 902 2125 eive
920 2062 1024 2128 familiae

91 2165 210 2249 illatae:
244 2182 309 2224 non
335 2161 460 2222 certavit
495 2159 577 2222 odiit
605 2174 636 2223 et
667 2164 858 2246 eupiditate
894 2167 1021 2230 vindictae.

92 2266 236 2328 Fuerunt
256 2262 337 2327 enim
359 2264 456 2325 sancti
476 2263 580 2325 Patres
602 2264 747 2327 heminea
770 2268 968 2351 hotpitalea,'
980 2271 1024 2331 ni·

91 2366 280 2442 aerieerdee‚
307 2364 438 2427 benefici
456 2386 531 2453 erga
551 2365 668 2429 amieee
687 2368 817 2449 pariter
845 2384 877 2433 et
897 2372 1025 2449 inimicae

92 2471 165 2556 quia
185 2471 263 2532 luxit
282 2470 315 2530 in
337 2469 382 2532 eie
403 2466 479 2531 fidee
500 2469 640 2554 insignia,
664 2491 746 2551 quae
768 2472 871 2534 efficit
886 2486 1026 2558 tempne-

91 2574 191 2638 clarae
212 2573 354 2648 virtutes,
384 2573 423 2634 de
444 2571 556 2656 quibua
577 2575 680 2654 inepte
702 2584 734 2635 et
753 2574 864 2658 impie
892 2578 1027 2660 disputant

92 2677 257 2759 tophiatae,
277 2688 381 2737 utrum
402 2676 463 2738 aint
483 2687 647 2758 praecepta
668 2698 707 2737 an
729 2677 914 2742 eonailiai'·
930 2678 971 2741 Et
987 2692 1027 2740 ata·

91 2790 192 2853 tuuat,
213 2798 278 2839 eaae
299 2789 420 2839 tantum
431 2779 569 2842 consilia.
592 2778 839 2845 Serbonnenaee
851 2783 972 2859 dieunt,
989 2783 1028 2847 he-

91 2882 192 2944 mines
213 2901 306 2964 poase
328 2879 455 2953 aeluri,
484 2881 606 2942 tametsi
626 2880 685 2941 sibi
706 2880 850 2944 invicem
872 2904 940 2945 non
958 2884 1028 2945 bem·

90 2982 227 3049 fecerint.
269 2983 314 3045 Ae
342 2984 414 3046 talia
443 3006 515 3046 eane
536 2996 581 3046 eet
609 2983 671 3043 vita
690 2982 898 3058 Monaatiea‚
929 2996 1028 3047 tantun

89 3085 267 3171 hypocritis
288 3087 436 3169 quaedam
458 3101 597 3164 externa,
625 3108 704 3172 quae
731 3087 870 3149 virtutea
890 3086 965 3148 iatae
982 3098 1029 3148 tm

90 3211 186 3276 quam
207 3189 337 3251 consilia
356 3190 498 3275 negligit.

169 3294 289 3356 Verum
317 3294 390 3356 haee
420 3292 561 3376 exempla
590 3293 719 3368 decent,
757 3311 909 3355 aummoa
945 3292 1031 3354 ealtaa

91 3419 157 3459 esee
179 3412 209 3458 et
230 3418 348 3457 summe
375 3396 574 3470 necessarios,
600 3395 739 3478 pendere
766 3418 806 3457 ex
833 3396 1031 3479 promittieae

92 3514 122 3560 et
144 3498 337 3583 providentia
358 3498 433 3573 Dei,
456 3499 511 3581 qui
530 3498 692 3581 premisit,
712 3520 747 3561 ae
768 3499 839 3562 fore
861 3510 1031 3582 patrem‚et

93 3601 133 3663 ab
154 3622 191 3663 ee
213 3620 336 3682 sperare
357 3612 387 3661 et
407 3613 578 3685 exspectare
598 3603 752 3693 auxilinm.
778 3602 851 3666 Hae
869 3623 937 3665 non
957 3622 1031 3685 prae
