<?xml version="1.0" encoding="UTF-8"?>
<!DOCTYPE html PUBLIC "-//W3C//DTD XHTML 1.0 Transitional//EN"
    "http://www.w3.org/TR/xhtml1/DTD/xhtml1-transitional.dtd">
<html xmlns="http://www.w3.org/1999/xhtml" xml:lang="en" lang="en">
 <head>
  <title>
</title>
<meta http-equiv="Content-Type" content="text/html;charset=utf-8" />
  <meta name='ocr-system' content='tesseract 3.04.00' />
  <meta name='ocr-capabilities' content='ocr_page ocr_carea ocr_par ocr_line ocrx_word'/>
</head>
<body>
  <div class='ocr_page' id='page_1' title='image "./exegeticaoperal03luthgoog_0581.png"; bbox 0 0 2182 4050; ppageno 0'>
   <div class='ocr_carea' id='block_1_1' title="bbox 104 124 887 225">
    <p class='ocr_par' dir='ltr' id='par_1_1' title="bbox 104 124 887 225">
     <span class='ocr_line' id='line_1_1' title="bbox 104 124 887 225; baseline -0.014 -28"><span class='ocrx_word' id='word_1_1' title='bbox 104 126 167 199; x_wconf 74' lang='grc'><strong>948</strong></span> <span class='ocrx_word' id='word_1_2' title='bbox 294 124 887 225; x_wconf 68' lang='lat' dir='ltr'><strong>vigaeimun-eextumoupnt</strong></span> 
     </span>
    </p>
   </div>
   <div class='ocr_carea' id='block_1_2' title="bbox 104 274 1067 3622">
    <p class='ocr_par' dir='ltr' id='par_1_2' title="bbox 104 274 1067 2009">
     <span class='ocr_line' id='line_1_2' title="bbox 104 274 1031 363; baseline 0.003 -23"><span class='ocrx_word' id='word_1_3' title='bbox 104 275 191 363; x_wconf 72' lang='lat' dir='ltr'><strong>giam</strong></span> <span class='ocrx_word' id='word_1_4' title='bbox 210 275 322 341; x_wconf 79' lang='lat' dir='ltr'><strong>harum</strong></span> <span class='ocrx_word' id='word_1_5' title='bbox 338 276 554 345; x_wconf 69' lang='lat' dir='ltr'><strong>ilistoriarum.</strong></span> <span class='ocrx_word' id='word_1_6' title='bbox 595 280 707 343; x_wconf 70' lang='lat' dir='ltr'><strong>Motu</strong></span> <span class='ocrx_word' id='word_1_7' title='bbox 728 274 825 343; x_wconf 80' lang='lat' dir='ltr'><strong>enim</strong></span> <span class='ocrx_word' id='word_1_8' title='bbox 844 294 909 337; x_wconf 85' lang='lat' dir='ltr'><strong>nott</strong></span> <span class='ocrx_word' id='word_1_9' title='bbox 926 276 1031 343; x_wconf 70' lang='lat' dir='ltr'><strong>meliti</strong></span> 
     </span>
     <span class='ocr_line' id='line_1_3' title="bbox 105 376 1034 475; baseline -0.002 -30"><span class='ocrx_word' id='word_1_10' title='bbox 105 380 296 466; x_wconf 77' lang='lat' dir='ltr'><strong>jejuniorum</strong></span> <span class='ocrx_word' id='word_1_11' title='bbox 316 396 371 457; x_wconf 81' lang='lat' dir='ltr'><strong>eut</strong></span> <span class='ocrx_word' id='word_1_12' title='bbox 390 382 573 475; x_wconf 73' lang='lat' dir='ltr'><strong>vigiliarum</strong></span> <span class='ocrx_word' id='word_1_13' title='bbox 590 396 624 447; x_wconf 78' lang='lat' dir='ltr'><strong>&#39;et</strong></span> <span class='ocrx_word' id='word_1_14' title='bbox 643 380 820 447; x_wconf 69' lang='lat' dir='ltr'><strong>similium.</strong></span> <span class='ocrx_word' id='word_1_15' title='bbox 848 376 1034 449; x_wconf 78' lang='lat' dir='ltr'><strong>llled²tentm</strong></span> 
     </span>
     <span class='ocr_line' id='line_1_4' title="bbox 107 482 1037 573; baseline 0 -24"><span class='ocrx_word' id='word_1_16' title='bbox 107 486 209 564; x_wconf 78' lang='lat' dir='ltr'><strong>audie,</strong></span> <span class='ocrx_word' id='word_1_17' title='bbox 230 487 317 572; x_wconf 82' lang='lat' dir='ltr'><strong>quod</strong></span> <span class='ocrx_word' id='word_1_18' title='bbox 337 486 555 573; x_wconf 78' lang='lat' dir='ltr'><strong>peregrinatur</strong></span> <span class='ocrx_word' id='word_1_19' title='bbox 574 486 661 551; x_wconf 83' lang='lat' dir='ltr'><strong>leaeo</strong></span> <span class='ocrx_word' id='word_1_20' title='bbox 682 487 724 551; x_wconf 88' lang='lat' dir='ltr'><strong>de</strong></span> <span class='ocrx_word' id='word_1_21' title='bbox 743 482 889 547; x_wconf 78' lang='lat' dir='ltr'><strong>Hebron</strong></span> <span class='ocrx_word' id='word_1_22' title='bbox 908 484 941 547; x_wconf 88' lang='lat' dir='ltr'><strong>in</strong></span> <span class='ocrx_word' id='word_1_23' title='bbox 959 483 1037 567; x_wconf 73' lang='lat' dir='ltr'><strong>(iuna,</strong></span> 
     </span>
     <span class='ocr_line' id='line_1_5' title="bbox 106 584 1039 676; baseline -0.008 -21"><span class='ocrx_word' id='word_1_24' title='bbox 106 590 225 675; x_wconf 80' lang='lat' dir='ltr'><strong>patitur</strong></span> <span class='ocrx_word' id='word_1_25' title='bbox 243 588 369 669; x_wconf 82' lang='lat' dir='ltr'><strong>famam,</strong></span> <span class='ocrx_word' id='word_1_26' title='bbox 388 592 509 676; x_wconf 83' lang='lat' dir='ltr'><strong>quaerit</strong></span> <span class='ocrx_word' id='word_1_27' title='bbox 528 592 644 667; x_wconf 76' lang='lat' dir='ltr'><strong>lotum,</strong></span> <span class='ocrx_word' id='word_1_28' title='bbox 665 589 725 655; x_wconf 79' lang='lat' dir='ltr'><strong>ulti</strong></span> <span class='ocrx_word' id='word_1_29' title='bbox 742 586 883 651; x_wconf 81' lang='lat' dir='ltr'><strong>habitet.</strong></span> <span class='ocrx_word' id='word_1_30' title='bbox 903 584 965 649; x_wconf 71' lang='lat' dir='ltr'><strong>set</strong></span> <span class='ocrx_word' id='word_1_31' title='bbox 977 610 1039 671; x_wconf 72' lang='lat' dir='ltr'><strong>qma</strong></span> 
     </span>
     <span class='ocr_line' id='line_1_6' title="bbox 107 690 1039 777; baseline -0.006 -18"><span class='ocrx_word' id='word_1_32' title='bbox 107 706 138 759; x_wconf 87' lang='lat' dir='ltr'><strong>ta</strong></span> <span class='ocrx_word' id='word_1_33' title='bbox 159 693 206 757; x_wconf 89' lang='lat' dir='ltr'><strong>ibi</strong></span> <span class='ocrx_word' id='word_1_34' title='bbox 224 691 323 772; x_wconf 68' lang='lat' dir='ltr'><strong>lites,</strong></span> <span class='ocrx_word' id='word_1_35' title='bbox 341 717 437 777; x_wconf 80' lang='lat' dir='ltr'><strong>quam</strong></span> <span class='ocrx_word' id='word_1_36' title='bbox 457 692 692 761; x_wconf 73' lang='lat' dir='ltr'><strong>inaestimabilia</strong></span> <span class='ocrx_word' id='word_1_37' title='bbox 712 690 896 777; x_wconf 86' lang='lat' dir='ltr'><strong>patientie,</strong></span> <span class='ocrx_word' id='word_1_38' title='bbox 916 690 1039 773; x_wconf 73' lang='lat' dir='ltr'><strong>quanin</strong></span> 
     </span>
     <span class='ocr_line' id='line_1_7' title="bbox 108 788 1041 883; baseline -0.002 -24"><span class='ocrx_word' id='word_1_39' title='bbox 108 794 267 860; x_wconf 78' lang='lat' dir='ltr'><strong>credibilia</strong></span> <span class='ocrx_word' id='word_1_40' title='bbox 287 796 522 883; x_wconf 71' lang='lat' dir='ltr'><strong>longanimitas,</strong></span> <span class='ocrx_word' id='word_1_41' title='bbox 540 798 668 863; x_wconf 72' lang='lat' dir='ltr'><strong>bonite·</strong></span> <span class='ocrx_word' id='word_1_42' title='bbox 688 807 721 857; x_wconf 87' lang='lat' dir='ltr'><strong>et</strong></span> <span class='ocrx_word' id='word_1_43' title='bbox 742 788 960 857; x_wconf 77' lang='lat' dir='ltr'><strong>beneficentia</strong></span> <span class='ocrx_word' id='word_1_44' title='bbox 977 794 1041 857; x_wconf 62' lang='grc' dir='ltr'><strong>ω’</strong></span> 
     </span>
     <span class='ocr_line' id='line_1_8' title="bbox 107 892 1041 983; baseline 0 -22"><span class='ocrx_word' id='word_1_45' title='bbox 107 897 184 963; x_wconf 80' lang='lat' dir='ltr'><strong>tua?</strong></span> <span class='ocrx_word' id='word_1_46' title='bbox 205 896 294 983; x_wconf 81' lang='lat' dir='ltr'><strong>Quae</strong></span> <span class='ocrx_word' id='word_1_47' title='bbox 314 899 443 963; x_wconf 74' lang='lat' dir='ltr'><strong>virtute·</strong></span> <span class='ocrx_word' id='word_1_48' title='bbox 464 922 572 964; x_wconf 73' lang='lat' dir='ltr'><strong>omne·</strong></span> <span class='ocrx_word' id='word_1_49' title='bbox 592 901 699 965; x_wconf 87' lang='lat' dir='ltr'><strong>luoeut</strong></span> <span class='ocrx_word' id='word_1_50' title='bbox 719 906 762 959; x_wconf 91' lang='lat' dir='ltr'><strong>ut</strong></span> <span class='ocrx_word' id='word_1_51' title='bbox 785 892 840 957; x_wconf 86' lang='lat' dir='ltr'><strong>eol</strong></span> <span class='ocrx_word' id='word_1_52' title='bbox 862 906 896 955; x_wconf 94' lang='lat' dir='ltr'><strong>et</strong></span> <span class='ocrx_word' id='word_1_53' title='bbox 911 892 993 959; x_wconf 75' lang='lat' dir='ltr'><strong>lune</strong></span> <span class='ocrx_word' id='word_1_54' title='bbox 1008 896 1041 961; x_wconf 69' lang='lat' dir='ltr'><strong>ld</strong></span> 
     </span>
     <span class='ocr_line' id='line_1_9' title="bbox 107 995 1042 1087; baseline 0 -24"><span class='ocrx_word' id='word_1_55' title='bbox 107 1000 143 1063; x_wconf 85' lang='lat' dir='ltr'><strong>hi</strong></span> <span class='ocrx_word' id='word_1_56' title='bbox 170 1000 297 1086; x_wconf 82' lang='lat' dir='ltr'><strong>quidem</strong></span> <span class='ocrx_word' id='word_1_57' title='bbox 325 1002 524 1087; x_wconf 80' lang='lat' dir='ltr'><strong>impoaeibila</strong></span> <span class='ocrx_word' id='word_1_58' title='bbox 551 1013 649 1077; x_wconf 78' lang='lat' dir='ltr'><strong>emet,</strong></span> <span class='ocrx_word' id='word_1_59' title='bbox 681 1011 754 1063; x_wconf 82' lang='lat' dir='ltr'><strong>tem</strong></span> <span class='ocrx_word' id='word_1_60' title='bbox 785 995 983 1081; x_wconf 77' lang='lat' dir='ltr'><strong>praeclaram</strong></span> <span class='ocrx_word' id='word_1_61' title='bbox 997 998 1042 1063; x_wconf 77' lang='lat' dir='ltr'><strong>tle</strong></span> 
     </span>
     <span class='ocr_line' id='line_1_10' title="bbox 109 1097 1041 1189; baseline -0.001 -23"><span class='ocrx_word' id='word_1_62' title='bbox 109 1104 258 1167; x_wconf 87' lang='lat' dir='ltr'><strong>dientiam</strong></span> <span class='ocrx_word' id='word_1_63' title='bbox 278 1118 446 1189; x_wconf 74' lang='lat' dir='ltr'><strong>prenotate.</strong></span> <span class='ocrx_word' id='word_1_64' title='bbox 480 1104 515 1167; x_wconf 87' lang='lat' dir='ltr'><strong>Si</strong></span> <span class='ocrx_word' id='word_1_65' title='bbox 535 1105 684 1168; x_wconf 80' lang='lat' dir='ltr'><strong>heheaem</strong></span> <span class='ocrx_word' id='word_1_66' title='bbox 705 1103 798 1167; x_wconf 86' lang='lat' dir='ltr'><strong>duoe</strong></span> <span class='ocrx_word' id='word_1_67' title='bbox 820 1097 923 1177; x_wconf 77' lang='lat' dir='ltr'><strong>filine,</strong></span> <span class='ocrx_word' id='word_1_68' title='bbox 941 1122 1041 1183; x_wconf 68' lang='lat' dir='ltr'><strong>uota,</strong></span> 
     </span>
     <span class='ocr_line' id='line_1_11' title="bbox 108 1205 1043 1291; baseline 0 -24"><span class='ocrx_word' id='word_1_69' title='bbox 108 1205 269 1283; x_wconf 74' lang='lat' dir='ltr'><strong>familiam,</strong></span> <span class='ocrx_word' id='word_1_70' title='bbox 290 1221 406 1273; x_wconf 80' lang='lat' dir='ltr'><strong>tentam</strong></span> <span class='ocrx_word' id='word_1_71' title='bbox 426 1208 657 1271; x_wconf 78' lang='lat' dir='ltr'>multitudinem</span> <span class='ocrx_word' id='word_1_72' title='bbox 671 1226 837 1291; x_wconf 76' lang='lat' dir='ltr'><strong>pecorum</strong></span> <span class='ocrx_word' id='word_1_73' title='bbox 860 1216 900 1267; x_wconf 84' lang='lat' dir='ltr'><strong>et·</strong></span> <span class='ocrx_word' id='word_1_74' title='bbox 908 1224 1043 1285; x_wconf 76' lang='lat' dir='ltr'><strong>tertona,</strong></span> 
     </span>
     <span class='ocr_line' id='line_1_12' title="bbox 110 1304 1043 1396; baseline -0.002 -23"><span class='ocrx_word' id='word_1_75' title='bbox 110 1332 168 1375; x_wconf 85' lang='lat' dir='ltr'><strong>noo</strong></span> <span class='ocrx_word' id='word_1_76' title='bbox 187 1310 333 1387; x_wconf 84' lang='lat' dir='ltr'><strong>haberem</strong></span> <span class='ocrx_word' id='word_1_77' title='bbox 355 1322 475 1375; x_wconf 83' lang='lat' dir='ltr'><strong>eertum</strong></span> <span class='ocrx_word' id='word_1_78' title='bbox 495 1310 664 1396; x_wconf 76' lang='lat' dir='ltr'><strong>veatiginm</strong></span> <span class='ocrx_word' id='word_1_79' title='bbox 685 1308 803 1393; x_wconf 72' lang='lat' dir='ltr'><strong>pediu,</strong></span> <span class='ocrx_word' id='word_1_80' title='bbox 831 1305 895 1369; x_wconf 79' lang='lat' dir='ltr'><strong>ulti</strong></span> <span class='ocrx_word' id='word_1_81' title='bbox 914 1304 1043 1389; x_wconf 70' lang='lat' dir='ltr'><strong>pedoni</strong></span> 
     </span>
     <span class='ocr_line' id='line_1_13' title="bbox 110 1406 1045 1501; baseline -0.002 -26"><span class='ocrx_word' id='word_1_82' title='bbox 110 1434 228 1501; x_wconf 75' lang='lat' dir='ltr'><strong>geram,</strong></span> <span class='ocrx_word' id='word_1_83' title='bbox 248 1412 327 1497; x_wconf 83' lang='lat' dir='ltr'><strong>quid</strong></span> <span class='ocrx_word' id='word_1_84' title='bbox 344 1411 394 1475; x_wconf 85' lang='lat' dir='ltr'><strong>ihi</strong></span> <span class='ocrx_word' id='word_1_85' title='bbox 414 1410 573 1477; x_wconf 76' lang='lat' dir='ltr'><strong>tamma?</strong></span> <span class='ocrx_word' id='word_1_86' title='bbox 603 1410 770 1497; x_wconf 78' lang='lat' dir='ltr'><strong>Fugerem</strong></span> <span class='ocrx_word' id='word_1_87' title='bbox 792 1406 946 1494; x_wconf 79' lang='lat' dir='ltr'><strong>pfofeoto</strong></span> <span class='ocrx_word' id='word_1_88' title='bbox 964 1408 1045 1473; x_wconf 74' lang='lat' dir='ltr'><strong>relidi</strong></span> 
     </span>
     <span class='ocr_line' id='line_1_14' title="bbox 110 1510 1047 1603; baseline 0.001 -27"><span class='ocrx_word' id='word_1_89' title='bbox 110 1514 333 1603; x_wconf 78' lang='lat' dir='ltr'><strong>gubernenulia</strong></span> <span class='ocrx_word' id='word_1_90' title='bbox 361 1528 393 1577; x_wconf 87' lang='lat' dir='ltr'><strong>et</strong></span> <span class='ocrx_word' id='word_1_91' title='bbox 425 1515 692 1581; x_wconf 69' lang='lat' dir='ltr'><strong>administratione</strong></span> <span class='ocrx_word' id='word_1_92' title='bbox 727 1510 958 1595; x_wconf 73' lang='lat' dir='ltr'><strong>oenonomieu.</strong></span> <span class='ocrx_word' id='word_1_93' title='bbox 991 1510 1047 1577; x_wconf 79' lang='lat' dir='ltr'><strong>ttu</strong></span> 
     </span>
     <span class='ocr_line' id='line_1_15' title="bbox 111 1615 1047 1705; baseline -0.005 -24"><span class='ocrx_word' id='word_1_94' title='bbox 111 1630 178 1681; x_wconf 77' lang='lat' dir='ltr'><strong>oete</strong></span> <span class='ocrx_word' id='word_1_95' title='bbox 198 1615 244 1681; x_wconf 81' lang='lat' dir='ltr'><strong>aio</strong></span> <span class='ocrx_word' id='word_1_96' title='bbox 265 1638 379 1705; x_wconf 80' lang='lat' dir='ltr'><strong>vagum</strong></span> <span class='ocrx_word' id='word_1_97' title='bbox 400 1616 622 1693; x_wconf 74' lang='lat' dir='ltr'><strong>etiamnum,</strong></span> <span class='ocrx_word' id='word_1_98' title='bbox 650 1632 682 1683; x_wconf 85' lang='lat' dir='ltr'><strong>et</strong></span> <span class='ocrx_word' id='word_1_99' title='bbox 708 1632 820 1683; x_wconf 84' lang='lat' dir='ltr'><strong>tamen</strong></span> <span class='ocrx_word' id='word_1_100' title='bbox 855 1632 981 1679; x_wconf 77' lang='lat' dir='ltr'><strong>manere</strong></span> <span class='ocrx_word' id='word_1_101' title='bbox 1000 1632 1047 1677; x_wconf 83' lang='lat' dir='ltr'><strong>tm</strong></span> 
     </span>
     <span class='ocr_line' id='line_1_16' title="bbox 111 1715 1048 1805; baseline -0.001 -24"><span class='ocrx_word' id='word_1_102' title='bbox 111 1738 219 1795; x_wconf 82' lang='lat' dir='ltr'><strong>uxore,</strong></span> <span class='ocrx_word' id='word_1_103' title='bbox 238 1718 359 1794; x_wconf 81' lang='lat' dir='ltr'><strong>libaria,</strong></span> <span class='ocrx_word' id='word_1_104' title='bbox 376 1715 503 1797; x_wconf 75' lang='lat' dir='ltr'><strong>familia,</strong></span> <span class='ocrx_word' id='word_1_105' title='bbox 524 1723 715 1805; x_wconf 76' lang='lat' dir='ltr'><strong>pecudibue‚</strong></span> <span class='ocrx_word' id='word_1_106' title='bbox 727 1737 790 1799; x_wconf 61' lang='lat' dir='ltr'><strong>‚eat</strong></span> <span class='ocrx_word' id='word_1_107' title='bbox 810 1718 898 1787; x_wconf 78' lang='lat' dir='ltr'><strong>fedei</strong></span> <span class='ocrx_word' id='word_1_108' title='bbox 918 1718 1048 1783; x_wconf 79' lang='lat' dir='ltr'><strong>edminli</strong></span> 
     </span>
     <span class='ocr_line' id='line_1_17' title="bbox 111 1820 1067 1911; baseline 0.002 -27"><span class='ocrx_word' id='word_1_109' title='bbox 111 1821 161 1899; x_wconf 81' lang='lat' dir='ltr'><strong>lit,</strong></span> <span class='ocrx_word' id='word_1_110' title='bbox 183 1842 263 1907; x_wconf 87' lang='lat' dir='ltr'><strong>qnae</strong></span> <span class='ocrx_word' id='word_1_111' title='bbox 283 1834 390 1905; x_wconf 84' lang='lat' dir='ltr'><strong>pnaaet</strong></span> <span class='ocrx_word' id='word_1_112' title='bbox 410 1844 447 1885; x_wconf 86' lang='lat' dir='ltr'><strong>ax</strong></span> <span class='ocrx_word' id='word_1_113' title='bbox 466 1823 624 1911; x_wconf 75' lang='lat' dir='ltr'><strong>lapidibus</strong></span> <span class='ocrx_word' id='word_1_114' title='bbox 643 1848 745 1911; x_wconf 79' lang='lat' dir='ltr'><strong>panea</strong></span> <span class='ocrx_word' id='word_1_115' title='bbox 768 1824 894 1891; x_wconf 78' lang='lat' dir='ltr'><strong>seuere.</strong></span> <span class='ocrx_word' id='word_1_116' title='bbox 936 1820 999 1885; x_wconf 79' lang='lat' dir='ltr'><strong>lloo</strong></span> <span class='ocrx_word' id='word_1_117' title='bbox 1012 1820 1067 1895; x_wconf 63' lang='lat' dir='ltr'><strong>in,</strong></span> 
     </span>
     <span class='ocr_line' id='line_1_18' title="bbox 112 1922 381 2009; baseline -0.015 -22"><span class='ocrx_word' id='word_1_118' title='bbox 112 1923 162 2009; x_wconf 88' lang='lat' dir='ltr'><strong>pii</strong></span> <span class='ocrx_word' id='word_1_119' title='bbox 184 1945 248 1985; x_wconf 89' lang='lat' dir='ltr'><strong>non</strong></span> <span class='ocrx_word' id='word_1_120' title='bbox 268 1922 381 1987; x_wconf 74' lang='lat' dir='ltr'><strong>vident.</strong></span> 
     </span>
    </p>

    <p class='ocr_par' dir='ltr' id='par_1_3' title="bbox 104 2022 1065 3546">
     <span class='ocr_line' id='line_1_19' title="bbox 192 2022 1052 2113; baseline 0.002 -24"><span class='ocrx_word' id='word_1_121' title='bbox 192 2024 255 2089; x_wconf 80' lang='lat' dir='ltr'><strong>set</strong></span> <span class='ocrx_word' id='word_1_122' title='bbox 276 2022 335 2087; x_wconf 84' lang='lat' dir='ltr'><strong>fuit</strong></span> <span class='ocrx_word' id='word_1_123' title='bbox 356 2025 485 2089; x_wconf 87' lang='lat' dir='ltr'><strong>omnino</strong></span> <span class='ocrx_word' id='word_1_124' title='bbox 502 2029 607 2111; x_wconf 81' lang='lat' dir='ltr'><strong>gravia</strong></span> <span class='ocrx_word' id='word_1_125' title='bbox 623 2029 768 2105; x_wconf 85' lang='lat' dir='ltr'><strong>tentatio,</strong></span> <span class='ocrx_word' id='word_1_126' title='bbox 791 2024 950 2113; x_wconf 82' lang='lat' dir='ltr'><strong>quotidie</strong></span> <span class='ocrx_word' id='word_1_127' title='bbox 963 2038 1052 2091; x_wconf 80' lang='lat' dir='ltr'><strong>mutua</strong></span> 
     </span>
     <span class='ocr_line' id='line_1_20' title="bbox 113 2127 1054 2218; baseline -0.001 -28"><span class='ocrx_word' id='word_1_128' title='bbox 113 2128 238 2205; x_wconf 78' lang='lat' dir='ltr'><strong>locum,</strong></span> <span class='ocrx_word' id='word_1_129' title='bbox 263 2140 294 2189; x_wconf 88' lang='lat' dir='ltr'><strong>et</strong></span> <span class='ocrx_word' id='word_1_130' title='bbox 324 2148 439 2189; x_wconf 85' lang='lat' dir='ltr'><strong>novum</strong></span> <span class='ocrx_word' id='word_1_131' title='bbox 466 2127 634 2214; x_wconf 70' lang='lat' dir='ltr'><strong>hospitium</strong></span> <span class='ocrx_word' id='word_1_132' title='bbox 656 2153 825 2218; x_wconf 84' lang='lat' dir='ltr'><strong>quaerere.</strong></span> <span class='ocrx_word' id='word_1_133' title='bbox 876 2129 915 2191; x_wconf 89' lang='lat' dir='ltr'><strong>ld</strong></span> <span class='ocrx_word' id='word_1_134' title='bbox 937 2128 1054 2189; x_wconf 72' lang='lat' dir='ltr'><strong>enimet</strong></span> 
     </span>
     <span class='ocr_line' id='line_1_21' title="bbox 114 2229 1054 2306; baseline 0.001 -16"><span class='ocrx_word' id='word_1_135' title='bbox 114 2229 252 2293; x_wconf 80' lang='lat' dir='ltr'><strong>habitare</strong></span> <span class='ocrx_word' id='word_1_136' title='bbox 272 2229 307 2291; x_wconf 92' lang='lat' dir='ltr'><strong>in</strong></span> <span class='ocrx_word' id='word_1_137' title='bbox 328 2230 467 2306; x_wconf 80' lang='lat' dir='ltr'><strong>mundo,</strong></span> <span class='ocrx_word' id='word_1_138' title='bbox 493 2245 522 2293; x_wconf 87' lang='lat' dir='ltr'><strong>at</strong></span> <span class='ocrx_word' id='word_1_139' title='bbox 549 2234 685 2296; x_wconf 77' lang='lat' dir='ltr'><strong>exsulem</strong></span> <span class='ocrx_word' id='word_1_140' title='bbox 706 2256 778 2297; x_wconf 81' lang='lat' dir='ltr'><strong>eoae</strong></span> <span class='ocrx_word' id='word_1_141' title='bbox 799 2234 840 2297; x_wconf 88' lang='lat' dir='ltr'><strong>in</strong></span> <span class='ocrx_word' id='word_1_142' title='bbox 865 2230 990 2293; x_wconf 82' lang='lat' dir='ltr'><strong>mundo</strong></span> <span class='ocrx_word' id='word_1_143' title='bbox 1018 2230 1054 2291; x_wconf 78' lang='lat' dir='ltr'><strong>lo</strong></span> 
     </span>
     <span class='ocr_line' id='line_1_22' title="bbox 115 2329 1057 2415; baseline 0.003 -23"><span class='ocrx_word' id='word_1_144' title='bbox 115 2331 270 2415; x_wconf 82' lang='lat' dir='ltr'><strong>potuieaet</strong></span> <span class='ocrx_word' id='word_1_145' title='bbox 289 2329 377 2395; x_wconf 73' lang='lat' dir='ltr'><strong>leaeo</strong></span> <span class='ocrx_word' id='word_1_146' title='bbox 394 2352 502 2395; x_wconf 77' lang='lat' dir='ltr'><strong>cunero</strong></span> <span class='ocrx_word' id='word_1_147' title='bbox 522 2356 593 2397; x_wconf 86' lang='lat' dir='ltr'><strong>oum</strong></span> <span class='ocrx_word' id='word_1_148' title='bbox 609 2336 754 2400; x_wconf 81' lang='lat' dir='ltr'><strong>Chaietot</strong></span> <span class='ocrx_word' id='word_1_149' title='bbox 778 2382 800 2415; x_wconf 83' lang='lat'>„</span> <span class='ocrx_word' id='word_1_150' title='bbox 811 2333 930 2396; x_wconf 78' lang='lat' dir='ltr'><strong>Filiae</strong></span> <span class='ocrx_word' id='word_1_151' title='bbox 951 2330 1057 2395; x_wconf 78' lang='lat' dir='ltr'><strong>hominlt</strong></span> 
     </span>
     <span class='ocr_line' id='line_1_23' title="bbox 115 2428 1058 2517; baseline 0.005 -22"><span class='ocrx_word' id='word_1_152' title='bbox 115 2432 311 2510; x_wconf 86' lang='lat' dir='ltr'><strong>nonhabet,</strong></span> <span class='ocrx_word' id='word_1_153' title='bbox 337 2428 393 2495; x_wconf 89' lang='lat' dir='ltr'><strong>ubi</strong></span> <span class='ocrx_word' id='word_1_154' title='bbox 414 2448 508 2517; x_wconf 85' lang='lat' dir='ltr'><strong>capnt</strong></span> <span class='ocrx_word' id='word_1_155' title='bbox 529 2459 619 2500; x_wconf 87' lang='lat' dir='ltr'><strong>auum</strong></span> <span class='ocrx_word' id='word_1_156' title='bbox 641 2439 804 2501; x_wconf 78' lang='lat' dir='ltr'><strong>reclinet“</strong></span> <span class='ocrx_word' id='word_1_157' title='bbox 830 2434 938 2509; x_wconf 81' lang='lat' dir='ltr'><strong>(Lon.</strong></span> <span class='ocrx_word' id='word_1_158' title='bbox 958 2439 987 2511; x_wconf 78' lang='lat'><strong>9,</strong></span> <span class='ocrx_word' id='word_1_159' title='bbox 1003 2441 1058 2505; x_wconf 73' lang='lat' dir='ltr'><strong>id).</strong></span> 
     </span>
     <span class='ocr_line' id='line_1_24' title="bbox 115 2521 1061 2623; baseline 0.003 -26"><span class='ocrx_word' id='word_1_160' title='bbox 115 2535 189 2599; x_wconf 86' lang='lat' dir='ltr'><strong>Nou</strong></span> <span class='ocrx_word' id='word_1_161' title='bbox 210 2536 309 2623; x_wconf 81' lang='lat' dir='ltr'><strong>igitur</strong></span> <span class='ocrx_word' id='word_1_162' title='bbox 329 2521 434 2599; x_wconf 57' lang='lat' dir='ltr'><strong>euivie&#39;</strong></span> <span class='ocrx_word' id='word_1_163' title='bbox 449 2536 550 2600; x_wconf 79' lang='lat' dir='ltr'><strong>obiter</strong></span> <span class='ocrx_word' id='word_1_164' title='bbox 570 2551 691 2601; x_wconf 87' lang='lat' dir='ltr'><strong>tantum</strong></span> <span class='ocrx_word' id='word_1_165' title='bbox 712 2540 778 2603; x_wconf 88' lang='lat' dir='ltr'><strong>hoo</strong></span> <span class='ocrx_word' id='word_1_166' title='bbox 796 2539 931 2623; x_wconf 85' lang='lat' dir='ltr'><strong>legenti</strong></span> <span class='ocrx_word' id='word_1_167' title='bbox 947 2552 1061 2622; x_wconf 77' lang='lat' dir='ltr'><strong>apparet,</strong></span> 
     </span>
     <span class='ocr_line' id='line_1_25' title="bbox 116 2637 1062 2723; baseline 0.002 -22"><span class='ocrx_word' id='word_1_168' title='bbox 116 2651 232 2723; x_wconf 82' lang='lat' dir='ltr'><strong>quanta</strong></span> <span class='ocrx_word' id='word_1_169' title='bbox 257 2637 440 2723; x_wconf 80' lang='lat' dir='ltr'><strong>magnitudo</strong></span> <span class='ocrx_word' id='word_1_170' title='bbox 468 2637 540 2705; x_wconf 79' lang='lat' dir='ltr'><strong>fidei</strong></span> <span class='ocrx_word' id='word_1_171' title='bbox 568 2641 813 2705; x_wconf 77' lang='lat' dir='ltr'><strong>commendetur</strong></span> <span class='ocrx_word' id='word_1_172' title='bbox 846 2643 886 2705; x_wconf 87' lang='lat' dir='ltr'><strong>in</strong></span> <span class='ocrx_word' id='word_1_173' title='bbox 908 2639 1062 2704; x_wconf 81' lang='lat' dir='ltr'><strong>Petriarelt</strong></span> 
     </span>
     <span class='ocr_line' id='line_1_26' title="bbox 116 2740 1062 2828; baseline 0.004 -27"><span class='ocrx_word' id='word_1_174' title='bbox 116 2740 217 2815; x_wconf 78' lang='lat' dir='ltr'><strong>laeuo,</strong></span> <span class='ocrx_word' id='word_1_175' title='bbox 238 2741 278 2803; x_wconf 81' lang='lat' dir='ltr'><strong>ed</strong></span> <span class='ocrx_word' id='word_1_176' title='bbox 300 2760 393 2825; x_wconf 89' lang='lat' dir='ltr'><strong>quam</strong></span> <span class='ocrx_word' id='word_1_177' title='bbox 414 2743 553 2805; x_wconf 87' lang='lat' dir='ltr'><strong>omnium</strong></span> <span class='ocrx_word' id='word_1_178' title='bbox 573 2744 774 2828; x_wconf 79' lang='lat' dir='ltr'><strong>Papiotarum</strong></span> <span class='ocrx_word' id='word_1_179' title='bbox 796 2743 940 2819; x_wconf 83' lang='lat' dir='ltr'><strong>ououlli,</strong></span> <span class='ocrx_word' id='word_1_180' title='bbox 961 2742 1062 2806; x_wconf 80' lang='lat' dir='ltr'><strong>ordinet</strong></span> 
     </span>
     <span class='ocr_line' id='line_1_27' title="bbox 117 2843 1062 2927; baseline 0.002 -20"><span class='ocrx_word' id='word_1_181' title='bbox 117 2857 148 2907; x_wconf 88' lang='lat' dir='ltr'><strong>et</strong></span> <span class='ocrx_word' id='word_1_182' title='bbox 176 2864 272 2926; x_wconf 84' lang='lat' dir='ltr'><strong>opera</strong></span> <span class='ocrx_word' id='word_1_183' title='bbox 299 2843 413 2906; x_wconf 87' lang='lat' dir='ltr'><strong>oollata</strong></span> <span class='ocrx_word' id='word_1_184' title='bbox 446 2866 576 2927; x_wconf 73' lang='lat' dir='ltr'><strong>prorsus</strong></span> <span class='ocrx_word' id='word_1_185' title='bbox 610 2861 816 2913; x_wconf 82' lang='lat' dir='ltr'><strong>evaneaennt.</strong></span> <span class='ocrx_word' id='word_1_186' title='bbox 866 2848 976 2912; x_wconf 82' lang='lat' dir='ltr'><strong>Nemo</strong></span> <span class='ocrx_word' id='word_1_187' title='bbox 1001 2846 1062 2911; x_wconf 77' lang='lat' dir='ltr'><strong>etia</strong></span> 
     </span>
     <span class='ocr_line' id='line_1_28' title="bbox 118 2944 1063 3028; baseline 0.01 -21"><span class='ocrx_word' id='word_1_188' title='bbox 118 2967 225 3011; x_wconf 81' lang='lat' dir='ltr'><strong>eorum</strong></span> <span class='ocrx_word' id='word_1_189' title='bbox 246 2956 303 3021; x_wconf 82' lang='lat' dir='ltr'><strong>eat,</strong></span> <span class='ocrx_word' id='word_1_190' title='bbox 325 2944 381 3028; x_wconf 90' lang='lat' dir='ltr'><strong>qui</strong></span> <span class='ocrx_word' id='word_1_191' title='bbox 400 2946 474 3007; x_wconf 84' lang='lat' dir='ltr'><strong>velit</strong></span> <span class='ocrx_word' id='word_1_192' title='bbox 494 2969 597 3011; x_wconf 79' lang='lat' dir='ltr'><strong>nareae</strong></span> <span class='ocrx_word' id='word_1_193' title='bbox 617 2971 681 3012; x_wconf 89' lang='lat' dir='ltr'><strong>nno</strong></span> <span class='ocrx_word' id='word_1_194' title='bbox 697 2949 875 3028; x_wconf 83' lang='lat' dir='ltr'><strong>dialecto,</strong></span> <span class='ocrx_word' id='word_1_195' title='bbox 898 2952 1063 3015; x_wconf 77' lang='lat' dir='ltr'><strong>habitatione</strong></span> 
     </span>
     <span class='ocr_line' id='line_1_29' title="bbox 117 3046 1062 3137; baseline 0.008 -28"><span class='ocrx_word' id='word_1_196' title='bbox 117 3046 280 3110; x_wconf 80' lang='lat' dir='ltr'><strong>anteibo:</strong></span> <span class='ocrx_word' id='word_1_197' title='bbox 301 3046 460 3133; x_wconf 78' lang='lat' dir='ltr'><strong>egregiam</strong></span> <span class='ocrx_word' id='word_1_198' title='bbox 488 3070 563 3112; x_wconf 78' lang='lat' dir='ltr'><strong>vero</strong></span> <span class='ocrx_word' id='word_1_199' title='bbox 583 3051 794 3136; x_wconf 81' lang='lat' dir='ltr'><strong>religionem,</strong></span> <span class='ocrx_word' id='word_1_200' title='bbox 831 3051 862 3118; x_wconf 86' lang='lat' dir='ltr'><strong>ai</strong></span> <span class='ocrx_word' id='word_1_201' title='bbox 892 3054 954 3119; x_wconf 83' lang='lat' dir='ltr'><strong>diit</strong></span> <span class='ocrx_word' id='word_1_202' title='bbox 974 3055 1062 3137; x_wconf 82' lang='lat' dir='ltr'><strong>plaoat</strong></span> 
     </span>
     <span class='ocr_line' id='line_1_30' title="bbox 118 3146 1064 3239; baseline 0.01 -29"><span class='ocrx_word' id='word_1_203' title='bbox 118 3148 159 3210; x_wconf 76' lang='lat' dir='ltr'><strong>Aa</strong></span> <span class='ocrx_word' id='word_1_204' title='bbox 183 3147 381 3211; x_wconf 83' lang='lat' dir='ltr'><strong>l&#39;atriaruhne</strong></span> <span class='ocrx_word' id='word_1_205' title='bbox 409 3146 497 3213; x_wconf 86' lang='lat' dir='ltr'><strong>laaao</strong></span> <span class='ocrx_word' id='word_1_206' title='bbox 529 3152 666 3215; x_wconf 79' lang='lat' dir='ltr'><strong>mnditia</strong></span> <span class='ocrx_word' id='word_1_207' title='bbox 694 3173 733 3217; x_wconf 91' lang='lat' dir='ltr'><strong>eo</strong></span> <span class='ocrx_word' id='word_1_208' title='bbox 765 3153 904 3219; x_wconf 77' lang='lat' dir='ltr'><strong>durior.</strong></span> <span class='ocrx_word' id='word_1_209' title='bbox 920 3168 984 3231; x_wconf 83' lang='lat' dir='ltr'><strong>eat,</strong></span> <span class='ocrx_word' id='word_1_210' title='bbox 1008 3154 1064 3239; x_wconf 83' lang='lat' dir='ltr'><strong>qnia</strong></span> 
     </span>
     <span class='ocr_line' id='line_1_31' title="bbox 104 3247 1065 3336; baseline 0.008 -23"><span class='ocrx_word' id='word_1_211' title='bbox 104 3247 182 3315; x_wconf 83' lang='lat' dir='ltr'><strong>&#39;uon</strong></span> <span class='ocrx_word' id='word_1_212' title='bbox 201 3265 249 3314; x_wconf 86' lang='lat' dir='ltr'><strong>eat</strong></span> <span class='ocrx_word' id='word_1_213' title='bbox 269 3252 374 3326; x_wconf 76' lang='lat' dir='ltr'><strong>solua,</strong></span> <span class='ocrx_word' id='word_1_214' title='bbox 402 3249 456 3312; x_wconf 88' lang='lat' dir='ltr'><strong>ted</strong></span> <span class='ocrx_word' id='word_1_215' title='bbox 477 3250 623 3336; x_wconf 76' lang='lat' dir='ltr'><strong>alligatae</strong></span> <span class='ocrx_word' id='word_1_216' title='bbox 644 3268 690 3318; x_wconf 86' lang='lat' dir='ltr'><strong>eat</strong></span> <span class='ocrx_word' id='word_1_217' title='bbox 709 3258 827 3331; x_wconf 86' lang='lat' dir='ltr'><strong>uxori,</strong></span> <span class='ocrx_word' id='word_1_218' title='bbox 858 3256 973 3323; x_wconf 74' lang='lat' dir='ltr'><strong>lilerio</strong></span> <span class='ocrx_word' id='word_1_219' title='bbox 992 3256 1065 3322; x_wconf 79' lang='lat' dir='ltr'><strong>etit·</strong></span> 
     </span>
     <span class='ocr_line' id='line_1_32' title="bbox 119 3352 1065 3443; baseline 0.007 -27"><span class='ocrx_word' id='word_1_220' title='bbox 119 3355 240 3429; x_wconf 77' lang='lat' dir='ltr'><strong>miliae,</strong></span> <span class='ocrx_word' id='word_1_221' title='bbox 269 3354 384 3439; x_wconf 85' lang='lat' dir='ltr'><strong>quibua</strong></span> <span class='ocrx_word' id='word_1_222' title='bbox 403 3352 473 3436; x_wconf 86' lang='lat' dir='ltr'><strong>ipae</strong></span> <span class='ocrx_word' id='word_1_223' title='bbox 494 3354 532 3416; x_wconf 83' lang='lat' dir='ltr'><strong>tle</strong></span> <span class='ocrx_word' id='word_1_224' title='bbox 553 3355 635 3416; x_wconf 77' lang='lat' dir='ltr'><strong>victu</strong></span> <span class='ocrx_word' id='word_1_225' title='bbox 661 3358 854 3439; x_wconf 80' lang='lat' dir='ltr'><strong>proepioare</strong></span> <span class='ocrx_word' id='word_1_226' title='bbox 877 3360 914 3423; x_wconf 88' lang='lat' dir='ltr'><strong>in</strong></span> <span class='ocrx_word' id='word_1_227' title='bbox 933 3373 1011 3423; x_wconf 82' lang='lat' dir='ltr'><strong>terra</strong></span> <span class='ocrx_word' id='word_1_228' title='bbox 1026 3381 1065 3443; x_wconf 82' lang='lat' dir='ltr'><strong>pe-</strong></span> 
     </span>
     <span class='ocr_line' id='line_1_33' title="bbox 120 3454 1064 3546; baseline 0.013 -31"><span class='ocrx_word' id='word_1_229' title='bbox 120 3455 241 3539; x_wconf 73' lang='lat' dir='ltr'><strong>regrine</strong></span> <span class='ocrx_word' id='word_1_230' title='bbox 263 3469 388 3519; x_wconf 77' lang='lat' dir='ltr'><strong>unauna</strong></span> <span class='ocrx_word' id='word_1_231' title='bbox 409 3468 464 3518; x_wconf 86' lang='lat' dir='ltr'><strong>eat.</strong></span> <span class='ocrx_word' id='word_1_232' title='bbox 486 3454 532 3519; x_wconf 87' lang='lat' dir='ltr'><strong>lbi</strong></span> <span class='ocrx_word' id='word_1_233' title='bbox 553 3477 625 3521; x_wconf 84' lang='lat' dir='ltr'><strong>anne</strong></span> <span class='ocrx_word' id='word_1_234' title='bbox 645 3455 720 3524; x_wconf 82' lang='lat' dir='ltr'><strong>lidea</strong></span> <span class='ocrx_word' id='word_1_235' title='bbox 743 3461 817 3546; x_wconf 74' lang='lat' dir='ltr'><strong>eju·</strong></span> <span class='ocrx_word' id='word_1_236' title='bbox 841 3475 966 3529; x_wconf 85' lang='lat' dir='ltr'><strong>tentata</strong></span> <span class='ocrx_word' id='word_1_237' title='bbox 979 3476 1006 3529; x_wconf 83' lang='lat' dir='ltr'><strong>at</strong></span> <span class='ocrx_word' id='word_1_238' title='bbox 1023 3464 1064 3527; x_wconf 84' lang='lat' dir='ltr'><strong>dn·</strong></span> 
     </span>
    </p>

    <p class='ocr_par' dir='ltr' id='par_1_4' title="bbox 120 3558 452 3622">
     <span class='ocr_line' id='line_1_34' title="bbox 120 3558 452 3622; baseline 0.009 -4"><span class='ocrx_word' id='word_1_239' title='bbox 120 3558 193 3622; x_wconf 79' lang='lat' dir='ltr'><strong>ritae</strong></span> <span class='ocrx_word' id='word_1_240' title='bbox 213 3558 376 3621; x_wconf 76' lang='lat' dir='ltr'><strong>exercitate</strong></span> <span class='ocrx_word' id='word_1_241' title='bbox 396 3571 452 3622; x_wconf 85' lang='lat' dir='ltr'><strong>eat.</strong></span> 
     </span>
    </p>
   </div>
   <div class='ocr_carea' id='block_1_3' title="bbox 0 0 1117 4050">
    <p class='ocr_par' dir='ltr' id='par_1_5' title="bbox 0 0 1117 4050">
     <span class='ocr_line' id='line_1_35' title="bbox 0 0 1117 4050; baseline 0 0"><span class='ocrx_word' id='word_1_242' title='bbox 0 0 1117 4050; x_wconf 95' lang='lat' dir='ltr'><strong> </strong></span> 
     </span>
    </p>
   </div>
  </div>
 </body>
</html>
