2182 4050
421 179 607 265 geneeie.-
930 181 989 253 109

125 327 209 391 Haeo
229 346 292 388 nnc
313 325 392 391 levir
413 327 564 393 dissensio
590 340 622 397 et
640 347 747 411 pugne
766 340 827 401 est,
856 349 912 390 nec
933 329 988 391 im·

40 434 154 495 merito
176 429 344 494 adversarii
359 429 529 493 schistam
545 430 697 493 hostiliter
712 427 895 504 irascuntur,
916 432 991 514 quia

41 539 84 600 de
106 537 233 599 summis
255 535 348 596 rebus
368 533 402 596 in
422 547 488 597 toto
506 534 584 596 orbe
601 547 752 596 terrarum
770 531 990 613 disceptsmasr

42 625 111 701 non
134 642 171 702 de
192 636 335 719 imperio¹
357 658 421 698 oon
442 639 480 700 de
502 639 625 720 opibus,
646 636 795 725 dignitate
815 649 868 698 sut
884 650 992 718 poten-

41 744 99 814 tia,
122 742 177 803 sed
198 741 236 801 de
256 750 376 800 aeterna
397 741 595 803 damnatione
616 740 730 803 etrite
751 752 881 803 aeterna.
917 739 990 803 ideo

45 847 120 909 odis
149 841 447 916 commertiorum,
475 857 506 905 et
532 866 692 927 antiquam
721 843 794 904 aiibi
823 843 991 918 acerbiora,

46 973 143 1032 quam
164 949 196 1009 in
218 943 352 1007 dissidiis
380 944 561 1036 religionis,
590 946 665 1030 quia
691 967 783 1010 censa
809 945 940 1007 maxima
961 957 993 1007 et

44 1051 229 1133 gravissima
251 1058 312 1109 est:
344 1069 384 1108 an
406 1047 502 1110 simae
521 1047 582 1110 filii
602 1047 679 1124 Dei,
700 1071 738 1110 an
759 1046 815 1110 fitii
838 1047 992 1113 Diaboli?
1015 1064 1019 1073 ·

45 1151 113 1234 Ipsi
135 1151 247 1211 nolunt
267 1168 332 1211 esse
354 1144 410 1209 filii
426 1148 562 1227 Diaboli,
583 1154 639 1215 sed
659 1154 786 1236 rapiunt
806 1152 943 1236 gloriam
964 1160 1020 1212 et*

47 1275 164 1317 nomen
187 1275 275 1316 verae
297 1250 459 1327 ecclesiae,
478 1240 612 1337 ideoque
634 1256 779 1317 damnant
799 1267 829 1317 et
850 1251 994 1315 occidunt

48 1376 117 1417 nos.
160 1356 318 1420 Eeontra
343 1340 400 1417 nos
428 1378 464 1417 ex
480 1356 578 1428 ¹verbo
599 1378 652 1419 eos
674 1358 874 1430 damnamus,
903 1348 993 1417 etde

48 1472 152 1543 cipetra
174 1459 272 1519 salute
294 1458 372 1520 veris
393 1458 581 1523 testimoniis
598 1461 674 1524 oerti
695 1481 811 1531 snmus,
832 1472 862 1520 et
882 1458 994 1521 retine·

49 1583 119 1637 mue
140 1559 272 1622 firmiter
300 1560 465 1635 discrimen
485 1561 584 1638 illud,
616 1562 703 1647 qnod
730 1561 889 1625 constitnit
909 1560 994 1621 Deus
1071 1544 1073 1549 s

47 1663 133 1722 inter
156 1663 309 1733 Abraham
331 1676 362 1725 et
381 1662 584 1746 Behylonioe‚
605 1664 716 1729 ismael
735 1679 767 1726 et
787 1664 880 1737 Isaac,
900 1663 995 1725 Iscoh

49 1779 81 1828 et
109 1764 212 1840 Esau,
238 1766 381 1829 videlicet
408 1766 618 1843 ¹vocationem,
646 1788 708 1850 que
737 1767 854 1829 dictum
881 1777 927 1828 est
954 1766 996 1827 ad

49 1869 227 1931 Abrahamr
248 1870 465 1953 „Egredere‘f
485 1881 541 1931 etc.
563 1868 657 1933 itemr
678 1870 740 1946 „In
761 1870 846 1933 isaac
867 1868 922 1931 tibi
942 1888 997 1933 ro·

50 1971 174 2035 cabitur
193 1981 335 2033 aemen“.
367 1973 463 2035 itemt
480 1972 614 2054 „Major
633 1971 743 2033 serviet
762 1972 934 2035 minori“.-

131 2075 259 2155 Absque
286 2073 344 2136 hse
371 2073 502 2145 ratione*
519 2095 583 2137 noo
604 2073 746 2136 Abrahae
773 2087 913 2150 tantum,
944 2086 997 2139 ant

49 2173 135 2235 isaac
156 2188 186 2235 et
206 2173 308 2249 Iacob,
330 2176 385 2238 sed
406 2176 554 2239 omnihus
573 2172 753 2238 hominihus
773 2176 876 2257 prima
890 2176 997 2239 nativi·

49 2293 98 2340 tas
119 2296 250 2358 proraus
271 2290 317 2339 est
336 2277 475 2352 inutilis,
500 2278 567 2341 imo
589 2278 731 2340 omnium
752 2278 907 2340 malorum
926 2276 998 2340 fone

53 2393 84 2442 et
105 2379 207 2464 origo.
229 2379 325 2461 Quod
344 2379 378 2440 ia
398 2382 542 2464 exemplo
563 2380 730 2443 duodecim
740 2380 998 2455 Patriarcharom‚

54 2482 165 2566 quiex
185 2481 276 2545 Iacob
298 2481 362 2541 nati
382 2495 473 2556 eunt,
495 2482 685 2566 deprehendi
705 2494 825 2564 potest,
846 2482 901 2564 qui
922 2480 999 2544 fiant

52 2585 237 2660 homicidae,
256 2585 322 2645 imo
343 2584 525 2667 parricidae,
547 2583 722 2666 proditores
743 2597 773 2647 et
786 2583 998 2649 interfectores

53 2689 160 2771 patris,
182 2689 256 2772 quie
276 2690 319 2749 ita
338 2688 520 2751 contristant
541 2688 694 2771 optimum
716 2708 831 2761 senem,
852 2700 887 2749 ut
899 2688 1000 2751 emori

52 2805 185 2872 exoptet.
207 2794 252 2851 Ac
273 2803 379 2871 posset
396 2788 432 2851 id
452 2810 559 2853 eoram
577 2801 750 2873 peccatum,
771 2790 799 2851 si
820 2792 890 2872 quie
910 2813 999 2876 exag-

53 2915 164 2977 gerare
186 2894 288 2966 vellet,
308 2892 476 2959 rectissime
497 2891 698 2976 parricidium
719 2891 790 2954 dici.
820 2893 863 2955 Hi
882 2890 1000 2957 scilicet

53 2993 175 3058 fructus
196 3008 267 3056 sunt
286 3004 316 3055 et
334 3017 431 3079 opera
451 2997 551 3059 cernis
572 3004 606 3057 et¹
623 2992 796 3077 sanguinis,
824 2994 879 3078 qui
900 3008 1002 3059 osten.

55 3099 151 3172 dont,
181 3096 338 3159 hominem
359 3120 416 3163 sue
435 3112 545 3162 natare
562 3109 672 3163 'totum
701 3116 766 3159 esse
789 3093 949 3157 Csinicum
970 3108 1001 3159 et

55 3200 297 3284 parricidialem.
339 3199 498 3269 Potaitret
524 3218 597 3261 vero
626 3198 717 3262 etiam
747 3197 781 3263 in
806 3196 880 3260 filiis
906 3199 1000 3263 lacoh

56 3304 233 3384 exemplum
262 3288 372 3380 statni3
412 3303 468 3368 scd
495 3299 581 3363 Deus
608 3297 709 3361 noluit
737 3320 790 3361 eos
821 3301 1001 3384 rpprohare,
1039 3386 1041 3391 Ι

56 3418 219 3467 contentas
247 3404 314 3466 istis
335 3404 458 3467 duohus
478 3401 678 3477 testimoniis,
699 3399 837 3469 ismaelis
857 3416 888 3466 et
907 3404 1002 3482 luco,

54 3506 143 3571 Esau
164 3520 194 3567 et
213 3506 312 3569 iacob.
335 3506 378 3569 Et
397 3506 515 3589 judico,
540 3524 594 3567 eor
615 3524 680 3567 erse
701 3505 844 3583 reiectos,
865 3506 942 3571 sicat
963 3508 1003 3572 de

55 3606 185 3671 Ismatle
207 3621 238 3671 et
256 3606 344 3673 Essa
363 3610 456 3675 edem
477 3607 594 3695 cogito,
612 3606 802 3691 poenituisse
818 3629 883 3687 eor.
903 3623 935 3677 et
954 3633 1002 3676 sc-
