2182 4050
432 184 641 269 ,goresin
711 202 722 213 “
960 194 1026 263 ¹147

69 331 184 395 trimos
207 330 258 395 ric
281 341 424 395 mortuos
443 332 695 398 restitnst'ritae:
716 332 845 401 verbum
861 337 1029 409 hominnm·

68 436 123 499 hoc
143 458 214 497 nou
236 448 357 517 potest.

142 539 249 621 Quod
270 550 359 620 potnt
376 558 529 621 puerum,
550 535 683 619 pertinet
701 533 737 597 id
757 559 884 622 quoque
904 541 1024 609 eduos

10 670 13 675 ·
68 640 229 703 docendos
252 640 295 701 de
316 640 531 725 magnitudine
547 640 740 702 tentationisr
764 640 935 702 soieteuirn
956 662 1023 703 enc-

70 764 122 805 cos
138 743 292 824 corporis
313 741 464 803 exhauriri
484 742 625 803 tristibus
642 742 894 825 cogitationibus,
914 755 950 803 ut
962 742 1023 803 tin·

76 866 130 928 gos
153 857 297 918 srescst,
327 856 358 905 et
378 856 476 905 totum
505 867 622 927 corpus
651 847 761 907 sentiet
783 843 933 905 defectum
965 844 1021 925 ¹²¹¹?

77 968 201 1021 usuum,
222 946 335 1007 animo
356 947 520 1009 doloribus
540 950 667 1010 ardente
687 961 717 1008 et
737 957 901 1009 aestuante.
938 943 1021 1007 Hinc

74 1068 203 1133 syncope
224 1061 258 1111 et
280 1048 342 1110 siis
361 1050 463 1113 tristis
483 1051 655 1117 occidentis
678 1052 831 1113 oriuntur.

11 1258 17 1266 ·
71 1222 449 1291 EtfnitDenscnm
470 1246 615 1311 puero,
636 1226 835 1304 steterit,
857 1221 1019 1288 mersit-

10 1329 42 1387 9.
74 1354 136 1417 que
164 1334 207 1393 iu
235 1327 482 1406 solitudine,
511 1344 548 1392 et
578 1328 705 1393 fuctus
733 1345 792 1394 est
820 1325 1020 1413 magister

10 1430 33 1544 ᾗ
76 1454 196 1495 nourr
218 1429 429 1515 habitavit
450 1446 579 1495 sutem
599 1433 640 1494 in
663 1434 824 1497 deserto
847 1430 1019 1506 Pharan,

76 1546 107 1599 st
130 1534 302 1618 accepit
329 1536 366 1597 ei
392 1547 519 1599 meter
546 1557 615 1598 sus
642 1559 808 1602 uxorem
836 1535 881 1598 do
907 1544 1019 1598 terre

10 1698 46 1713 ,,
445 1638 637 1723 Aegypti.

10 1711 32 1818 3t
141 1756 299 1824 Hactenus
321 1758 505 1853 audirimus,
527 1764 688 1845 quomodo
709 1761 831 1838 leuitt,
851 1734 1018 1847 postquem

22 1858 25 1863 Τ
86 1864 181 1929 oscum
201 1877 235 1927 ct
266 1862 470 1929 mortificetur
491 1879 536 1929 cst
563 1868 597 1929 iu
625 1870 764 1941 deserto,
794 1876 938 1947 receptus
960 1861 1020 1951 ite.-

10 1980 13 1988 '
86 1988 141 2029 mu
156 1968 246 2029 sitin
269 1968 413 2052 gratiam,
435 1982 465 2033 ct
486 1970 628 2032 didicerit
649 1969 729 2032 hunc
754 1964 1016 2051 propositionem,

25 2142 35 2151 .
83 2068 246 2145 itinerare,
268 2091 335 2131 nou
356 2070 411 2154 qui
432 2086 601 2135 noscuntur
621 2093 656 2133 ex
677 2092 768 2135 carne
785 2062 1018 2157 Abruhse,'scd

74 2170 123 2255 qui
139 2171 276 2234 creduut
297 2173 506 2253 promissioni.
544 2174 687 2258 Requiris
708 2174 791 2237 cuim
813 2171 898 2233 Deus
919 2189 1017 2251 supra

70 2274 256 2337 nrtiritstem
285 2273 387 2335 cornis
415 2277 576 2358 proprium
608 2275 756 2358 justitium
783 2295 836 2337 seo
866 2292 1017 2355 persons·

66 2372 131 2450 iem,
152 2396 236 2458 quse
258 2378 415 2461 contingit
436 2400 473 2440 ex
492 2377 559 2439 sols
579 2378 690 2460 grstia,
713 2399 771 2459 per
792 2376 888 2467 solem
911 2370 1015 2453 fidem,

63 2488 96 2537 ut
114 2476 239 2539 scilicet
258 2491 358 2539 cesset
378 2480 480 2541 omnis
501 2479 605 2563 gioria
625 2502 731 2543 corum
753 2481 837 2555 Deo,
858 2474 1015 2541 Romsnoss
1041 2487 1045 2493 '

10 2580 328 2653 'msswffl
1005 2656 1009 2663 Ι

139 2684 283 2747 Pertinet
302 2693 405 2743 sutem
425 2678 487 2741 hoc
507 2676 545 2741 sd
566 2688 703 2741 nostrum
718 2678 962 2743 consolationem
984 2688 1015 2745 et

65 2788 252 2862 doctrinam,
273 2806 310 2847 ns
331 2784 380 2845 vel
401 2802 633 2865 praesumamur
655 2784 693 2845 de
709 2784 823 2846 nostris
839 2782 943 2858 donis,
965 2784 1015 2845 rel

64 2888 263 2973 desperemus
289 2898 422 2969 propter
448 2898 552 2946 nostra
578 2899 723 2967 peccstu3
752 2886 808 2948 sed
836 2898 871 2946 nt
890 2878 1014 2947 incedis·

65 3011 129 3051 uus
151 2990 256 3051 medis
284 2988 341 3049 vis.
385 2985 449 3069 Qui
476 2986 558 3047 onim
578 3001 798 3069 praesumunt,
828 2996 959 3069 peccant
978 2988 1013 3051 iu

67 3094 199 3175 primum
229 3103 445 3175 praeceptum,
472 3103 503 3150 et
523 3087 557 3148 iu
578 3109 634 3149 sno
663 3092 756 3152 corde
783 3091 860 3150 hunc
881 3088 1014 3151 Sutsnse

10 3238 14 3248 ·
68 3192 291 3278 ttrsphemiam
322 3194 426 3265 olunt,
459 3188 546 3273 quod
575 3188 698 3252 dicunt:
735 3190 808 3275 Ego
838 3212 905 3251 eum
937 3184 1014 3253 mihi

10 3335 16 3357 r
72 3294 160 3357 Dens.
204 3296 269 3379 Qui
290 3306 389 3356 entem
412 3291 594 3373 desperent,
622 3307 756 3375 peccant
779 3292 809 3353 hi
832 3315 958 3377 quoquc
979 3294 1014 3355 iu

10 3392 55 3508 ip.
74 3398 204 3479 primum
224 3408 432 3479 praeceptum,
454 3405 484 3477 et
504 3392 720 3475 blasphemant
735 3394 851 3455 Deum:
874 3408 1014 3461 statuunt

10 3510 46 3640 Ε
79 3500 158 3575 enim,
181 3522 250 3561 enm
271 3522 336 3561 nou
357 3518 423 3559 esse
444 3494 682 3573 misericordem,
704 3509 734 3559 st
755 3496 923 3560 divinitatis
943 3480 1014 3583 glo-⁵

83 3600 146 3663 timu
166 3601 362 3685 proecipnsm
383 3600 413 3665 oi
433 3597 586 3663 adimunt.

469 3648 793 3771 ‚10⁸-¹
