2250 4064
129 145 196 215 Μ
336 104 591 237 Vigesininm
612 146 783 269 primam
805 163 993 232 rapat
1020 188 1023 209 .

153 293 245 367 etiam
265 288 413 359 lraaradea
434 254 587 359 Abrahae.
627 294 697 361 Nos
717 252 823 361 ledaei
851 293 1027 364 eirontnniai
1055 324 1095 365 an

144 406 223 463 'mna
244 419 349 461 semen
371 397 548 474 Abrahae3
563 388 663 485 igitur
691 386 782 461 etiam
807 421 914 465 sumna
943 403 1094 469 haeredes

148 502 290 571 >contrat
327 500 391 584 Qui
424 521 488 563 non
525 515 598 564 aunt
624 502 765 565 Abrahae
799 523 922 579 samen,
959 504 1094 589 haeredat

153 602 298 666 Abrahae
320 590 468 665 essenon
491 617 629 686 poasnnt.
653 605 720 667 Vna
743 604 911 671 Christiani
933 607 1009 670 estis
1030 630 1094 692 gen

152 718 212 793 ιιι,
232 718 264 769 et
284 726 349 767 non
370 726 474 779 semen
495 706 652 767 Abraham
680 728 756 793 ergo
779 708 889 770 frustra
911 711 1094 796 gloriamini

39 814 55 831 '‘
153 831 212 881 vna
231 831 297 872 ersa
319 799 489 871 ecelesiam.
516 804 586 867 lino
607 805 688 869 enim
710 822 755 872 eet
774 809 940 877 haeredem
960 805 1093 879 librabat

154 933 231 979 ease.
281 980 283 985 ,
431 928 434 932 ·
692 902 699 932 ¹

134 1068 137 1075 .
198 1013 291 1075 His
312 1009 508 1098 argumentis
529 1030 585 1074 een
606 1009 753 1073 arietibus
774 1008 904 1088 confisi,
924 976 1093 1098 gloriantur

155 1116 264 1195 eontra
286 1136 361 1189 nos,
389 1126 420 1175 et
447 1113 562 1175 multos
591 1135 627 1176 ex
652 1113 768 1187 nostris
796 1115 999 1194 subvertant,
1027 1120 1092 1181 sien

56 1292 59 1309 Ι
155 1219 248 1281 audio
273 1217 329 1278 sub
351 1215 455 1297 impiis
476 1215 668 1299 principibus
689 1214 765 1277 fieri.
787 1216 856 1279 Hon
876 1218 1000 1296 seilicet
1020 1242 1092 1304 praa

56 1312 59 1317 ¹
152 1323 251 1409 mium
281 1332 342 1395 eat,
374 1318 461 1403 quod
488 1316 618 1401 ejiniant
644 1319 761 1400 passim
789 1316 859 1400 pios
887 1333 1047 1403 pastores,
1074 1343 1092 1382 ι·

87 1480 90 1485 .
154 1422 307 1509 populum
335 1421 484 1482 inermem
511 1440 548 1480 an
579 1418 688 1481 rudem
717 1421 882 1508 religionis
912 1424 1091 1508 relinquunt

156 1527 240 1611 Qnia
261 1525 342 1587 eninr
364 1522 466 1584 aerbo,
482 1519 703 1596 destituuntur,
724 1521 909 1593 ludaeorum
930 1527 1091 1611 rationibus

153 1630 384 1711 resistero'non
403 1635 552 1709 possunt;
583 1635 726 1685 neutrum
753 1626 836 1687 enim
862 1629 969 1712 negari
991 1620 1091 1713 pateat

154 1729 378 1813 relinquendus
409 1726 516 1788 titulus
546 1737 591 1786 est
617 1724 755 1803 ludaeis,
790 1730 878 1812 quod
904 1731 968 1792 aiot
999 1752 1091 1794 semen

113 1914 119 1929 x
142 1834 319 1907 Abrahae,
351 1843 382 1891 et
402 1851 459 1890 nos
481 1850 595 1912 negare
617 1851 683 1889 non
704 1849 885 1911 possumus,
915 1853 976 1892 noa
997 1845 1091 1920 genter

122 1950 127 1963 '
157 1959 240 2013 atae,
274 1948 305 1999 et
331 1933 371 1995 ad
400 1929 548 1993 familiam
570 1931 711 1991 Abrabae
739 1951 802 1990 non
830 1933 999 2015 portinere,
1040 1936 1090 1999 Sei

157 2041 248 2105 divus
270 2037 401 2111 Paulus,
421 2035 601 2096 exercitatus
624 2032 741 2093 scilicet
761 2031 886 2109 artifex,
907 2037 1043 2119 pulchra
1063 2039 1090 2101 ιι

156 2144 317 2209 Romanos
336 2145 365 2210 9
388 2151 417 2202 at
438 2136 566 2199 Galatas
587 2140 616 2204 3.
640 2136 713 2198 haee
730 2134 916 2199 Indaeorum
937 2160 1089 2222 argaman

155 2260 190 2323 ta
210 2243 359 2316 dissolvit,
381 2262 416 2302 ao
436 2252 530 2324 negat
550 2239 584 2300 in
606 2239 709 2322 primo
731 2239 914 2321 syllogismo
934 2243 1084 2323 majorem

144 2348 244 2434 'quod
271 2346 386 2408 scilicet
415 2341 596 2403 universalis
624 2363 688 2403 non
709 2363 778 2403 vera
807 2341 865 2417 ait,
900 2364 1008 2406 omnes
1039 2367 1088 2408 aaa

95 2448 98 2459 ’
156 2451 301 2517 haeredes
315 2444 478 2529 „Abraham
499 2446 554 2530 qui
576 2458 646 2506 sont
667 2465 770 2506 samen
791 2443 938 2506 Abrahae.
982 2447 1030 2509 Ao
1050 2469 1088 2532 op

97 2574 99 2579 ·
155 2554 248 2639 ponit
274 2549 483 2624 instantiam,¹
501 2569 594 2631 qnam
621 2547 725 2609 nullus
754 2545 884 2608 ludaeos
913 2569 1029 2632 negare
1048 2571 1087 2634 po

155 2669 229 2719 teat:
258 2653 369 2714 lamet
391 2652 474 2713 enim
496 2663 543 2711 est
563 2671 668 2712 serum
690 2669 794 2710 aeman
816 2647 976 2725 Abrahae,
999 2656 1087 2715 natnn

124 2770 125 2777 ’
157 2736 310 2840 exipsius
332 2773 439 2828 onrne;
463 2762 491 2812 et
512 2764 614 2812 tamen
636 2738 773 2832 ejicitur,
802 2770 860 2811 neo
881 2762 927 2811 eat
946 2754 1085 2837 partiaep

156 2879 247 2923 verae
268 2855 460 2917 haereditatis
483 2875 552 2914 num
574 2854 667 2915 leaeo.

237 2959 417 3040 Respondet
435 2955 535 3040 igitur
563 2957 603 3017 nd
623 2955 773 3040 majorem
794 2956 856 3032 ein,
884 2967 918 3017 nt
945 2952 1044 3019 faeiat
1059 2978 1085 3021 te

156 3083 230 3126 rnen
252 3060 395 3122 Abrahae
416 3059 535 3142 triplex.
561 3057 669 3122 Unam
692 3061 814 3122 carnale
835 3072 865 3121 et
886 3058 951 3120 eine
972 3063 1084 3143 promia

158 3168 246 3232 aione
278 3152 315 3226 de
337 3160 478 3236 Christ03
505 3159 565 3221 tale
594 3183 696 3224 semen
716 3159 774 3222 fuit
794 3144 922 3235 ΙιωιιὸΙ,
950 3175 1040 3226 natue
1068 3184 1082 3223 e

158 3290 251 3333 carne
272 3265 421 3328 Abrahae.
464 3265 603 3326 Alterum
633 3282 737 3323 semen
765 3261 843 3323 dicit
871 3284 937 3324 esto
971 3264 1084 3325 carnale

157 3372 213 3435 aad
234 3393 302 3432 oum
325 3366 530 3452 promissione
552 3366 588 3427 de
610 3365 749 3428 Christo..
780 3363 832 3427 Sin
851 3363 935 3425 Isaac
958 3385 994 3424 ex
1015 3386 1084 3426 narn

60 3462 67 3495 Ἰ
157 3475 302 3538 Abrahae
319 3491 444 3556 quoque
465 3480 555 3529 natue
576 3479 630 3541 est,
652 3467 705 3527 sed
720 3464 827 3526 habuit
843 3466 1082 3549 promissionem

160 3579 259 3663 „Ego
283 3590 411 3638 statuam
440 3583 562 3652 pactum
585 3591 687 3630 meum
709 3591 779 3631 num
800 3567 917 3629 lanan“.
961 3567 1084 3631 Tertiun
