2182 4050
125 216 169 283 20
215 204 219 209 ’
307 201 557 306 Vigqaimum
579 214 764 285 quartum
785 168 913 289 ceput

209 358 307 425 curat
325 352 424 443 igitur
442 351 529 425 Daue
547 373 598 416 re·
622 350 841 436 turpiorinaa,
868 365 903 418 et
923 354 1073 439 roriptnrr

112 475 238 530 ,mora
255 461 318 523 hoo
337 456 408 519 loeo
429 453 588 537 copiarior
607 468 639 521 et
658 455 789 535 uberior
808 466 856 519 ert
875 455 914 519 in
942 457 1073 543 derorip·

127 568 213 633 tiour
232 558 424 645 nuptiarum,
444 577 536 640 quam
557 559 583 621 ei
603 560 642 623 de
662 549 911 639 tummiiffebnr
929 560 1070 646 loquitur.

128 652 372 743 Pmnireionem
401 660 444 723 da
459 658 677 727 benedictione
704 661 864 745 spirituali
885 684 1001 746 rupra,
1026 670 1068 733 92.

129 788 173 850 (v.
196 775 259 841 16.)
280 761 475 850 puueireimia
495 764 595 827 verbio
616 765 765 829 abrolritz
784 764 880 843 „Per
900 781 1013 831 memet
1027 767 1065 853 ip·

84 906 87 915 ·
127 899 199 941 runa
218 869 337 958 jurari:
364 868 396 927 in
417 864 609 930 nemincum
629 866 851 930 benedicentur
869 888 984 931 omnen
1002 876 1063 954 gen·

128 982 214 1042 taa“.
256 973 326 1036 Hoc
350 981 450 1033 totum
470 979 565 1053 caput
584 967 663 1030 nibil
683 968 769 1031 aliud
789 970 954 1051 cqutiuat,
975 964 1057 1057 ¹qima

128 1074 371 1159 deroriptionena
392 1071 532 1155 conjugii
550 1071 645 1151 Iraao,
666 1071 829 1157 quomado
849 1072 993 1137 ruittrtur
1007 1097 1053 1141 trr-

108 1202 203 1256 πα,
221 1190 253 1241 et
273 1175 443 1239 adducatur
462 1193 587 1256 eponae.

208 1282 274 1347 Cur
293 1278 354 1340 hou
373 1272 431 1338 it?
454 1275 538 1360 Quia
557 1260 625 1360 ipra
645 1270 714 1338 tecit
732 1295 809 1354 noa,
828 1299 941 1359 apmur
959 1293 1051 1359 preru-

126 1412 164 1454 ιι
182 1399 214 1450 et
232 1403 313 1466 opur
332 1378 449 1463 ipaiur,
469 1378 547 1442 ideo
564 1390 663 1442 aurat
693 1362 784 1441 tuum
805 1400 889 1465 opur
917 1383 1005 1445 etiam
1027 1385 1050 1446 in

80 1494 88 1511 ‘
126 1485 239 1555 madii·
257 1482 404 1584 percutit,
424 1495 536 1560 morte,
556 1481 691 1559 inferno,
711 1482 909 1566 turpitudine
933 1498 963 1559 et
980 1489 1050 1573 igno·
1083 1548 1086 1577 ι

14 1586 19 1591 ’
126 1590 231 1655 minin.
272 1580 384 1646 Divina
401 1584 504 1661 aulus,
533 1585 596 1651 rita
616 1596 647 1646 et
673 1583 783 1647 auxilia
812 1587 919 1651 omnia
945 1591 1050 1654 enutio
1076 1582 1086 1655 i

126 1692 241 1759 madiir
266 1687 447 1764 contrariis,
475 1685 628 1751 salvatio
649 1698 765 1762 morta,
793 1687 848 1751 dat
866 1690 1050 1775 justitiamin

125 1809 262 1886 peceato,
282 1811 390 1876 paoem
410 1803 442 1855 at
461 1791 652 1855 recutitattna
671 1787 704 1849 in
724 1790 857 1854 rummia
877 1791 1025 1876 periculiu

205 1897 288 1959 Haeo
307 1903 379 1953 runt
398 1910 496 1983 opera
516 1889 634 1966 dirior,
655 1913 735 1976 quae
757 1891 901 1957 bomiuea
923 1894 1050 1971 carnalia,
1081 1946 1087 1989 Ι

127 2003 275 2088 quirunt
296 1994 361 2055 aine
384 1989 503 2073 Spiritu
524 2006 648 2070 annoto,
680 2016 744 2056 non
766 1994 955 2083 intelligunt.
993 1994 1050 2061 Ideo
1081 2004 1087 2041 ‘³

125 2103 235 2171 oculor
263 2108 380 2159 tantum
402 2091 567 2165 deflectunt
594 2095 635 2155 ad
662 2094 822 2159 libidinem
852 2109 884 2158 et
902 2096 1051 2179 turpitudi·
1083 2086 1087 2143 f

125 2231 198 2272 nem
218 2207 250 2265 in
272 2196 430 2280 conjugio.
452 2195 488 2257 Iu
507 2198 757 2281 concupiscentie
777 2219 842 2262 non
856 2198 962 2261 rident
979 2198 1050 2259 illan

124 2306 348 2374 aanotireimam
368 2297 618 2363 benedictionem
638 2302 866 2390 generationis,
894 2302 973 2385 quia·
986 2300 1050 2362 nihil

123 2412 184 2474 niri
218 2407 355 2471 flammea
391 2401 587 2485 turpiaaimar
616 2401 882 2488 concupierantiae
915 2402 1048 2479 ¹sentiunt.

123 2514 177 2580 Sin
203 2513 236 2576 in
255 2522 355 2573 morte
375 2504 454 2568 nihil
475 2503 532 2565 nisi
560 2517 710 2581 mortem,
738 2506 773 2567 iu
799 2506 925 2569 inferno
945 2507 1048 2571 nullum

123 2617 248 2680 coelum
269 2622 413 2676 cernuntr
434 2607 512 2671 aient
526 2607 669 2682 aautiunt,
689 2609 731 2670 itu
749 2608 903 2692 judicant,
924 2608 975 2670 aed
991 2609 1074 2691 qu‘u

121 2739 181 2782 noa
207 2710 423 2777 confecimus
447 2730 503 2770 noa
529 2710 717 2783 (marculum
745 2710 831 2774 enim
860 2723 891 2774 et
919 2706 1045 2774 feminam

121 2815 236 2881 ararit
256 2819 328 2887 eoa)
349 2811 419 2875 ideo
440 2830 499 2872 nor
521 2810 588 2875 Deo
610 2831 700 2876 rurae
718 2833 783 2877 erae
796 2825 980 2893 rtrtuumue,
995 2825 1044 2876 tau·

122 2940 218 3005 quam
239 2928 410 2978 creaturum
430 2911 536 2994 ipoiua.
722 2998 726 3003 ¹
1064 2896 1067 2903 ¹

199 3017 282 3083 Hrec
302 3016 399 3102 igitur
420 3034 507 3077 nausa
528 3024 590 3089 eat,
620 3032 678 3075 cur
706 3013 862 3100 acriptura
891 3029 992 3081 amota
1012 3015 1040 3078 da
1085 3076 1089 3085 ,

119 3117 179 3184 liar
200 3141 233 3181 re
253 3132 316 3180 tam
337 3117 454 3200 abjecta
474 3116 507 3177 in
527 3110 662 3199 aperiero
682 3131 745 3181 tam
766 3121 874 3184 multia
891 3121 967 3209 'agit
998 3118 1039 3180 Ni

118 3222 164 3284 hil
185 3242 301 3284 norum
328 3231 381 3282 aut
400 3217 578 3281 inusitatum
600 3230 645 3281 cat
664 3220 863 3304 conjugium,
892 3237 923 3287 et
941 3221 1037 3286 ab'etb·
1085 3222 1090 3288 ζ

44 3322 50 3339 ’
118 3324 199 3389 nicia
225 3343 350 3406 quoque
372 3320 486 3404 judicio
507 3321 636 3383 rationis
663 3322 872 3406 approbatum
902 3338 932 3387 et
956 3323 1035 3386 lauda
1085 3304 1090 3336 ¹

118 3440 196 3489 tum.
218 3423 280 3487 Sed
302 3425 373 3507 quia
394 3447 532 3512 uuquam
553 3424 594 3485 ito
614 3422 753 3507 adaperit
772 3438 827 3488 aut
847 3402 1032 3497 oonaidiurit,
1063 3484 1066 3499 ,

118 3527 205 3613 quod
226 3525 267 3587 ait
287 3539 426 3591 creature
448 3529 566 3602 diviua,
598 3525 773 3591 benedictio
794 3529 827 3589 in
849 3528 1031 3591 maledictione
1059 3506 1069 3561 ⁴.

35 3676 45 3691 ·-
111 3645 144 3710 et
172 3629 300 3696 entitur
326 3629 363 3695 iu
385 3631 542 3699 iibidiuei
583 3628 633 3707 Si¹
653 3630 826 3715 urcundum
852 3631 1029 3733 rutionernet
1051 3702 1060 3727 -.
