2182 4050
125 148 189 217 286
224 106 228 119 '
315 145 569 237 Vigesimuru
589 164 749 215 sextum
772 160 904 231 ouput

122 296 171 359 sit
191 295 271 359 nihi
285 296 505 383 indignissimo
523 298 557 361 iu
573 301 721 365 omnibns
738 298 1054 386 proediuernentissui

44 490 47 501 Ι
127 402 268 478 ttshtise,
288 401 475 485 quantitatis,
497 401 661 481 qualitatis.
687 403 753 467 ssd
775 401 813 464 iu
835 403 1056 484 praetimere

122 504 284 571 telstionis
302 525 372 565 sum
394 504 518 590 dignus.
558 503 634 567 Nou
654 526 725 567 sum
748 504 885 588 dignus,
905 502 941 567 ut
959 506 1057 573 hubas

8 616 13 629 “
125 630 255 673 uxorem
275 619 327 669 sut
347 606 464 669 liberos
492 607 661 670 seeundum
681 606 902 672 substantium
912 620 955 669 -et
972 609 1014 670 rei
1028 634 1060 674 rs

125 714 259 786 sitstem3
281 710 356 794 quis
376 728 446 771 sum
465 723 617 791 protutor.
638 707 702 775 Sed
722 723 795 772 tum
818 708 940 772 effinior
960 709 1060 797 dignu,

13 884 16 891 ,
124 817 255 901 quondo
282 814 368 875 Dens
396 811 489 875 dieite
525 808 609 873 Volo
643 811 817 898 indulgere
846 824 881 876 et
912 814 1061 895 connivere,

127 919 199 1003 quis
221 916 266 979 sio
287 913 436 976 ordinavi.
477 912 527 977 Tu
553 925 658 977 temen
683 926 715 978 te
744 915 862 999 ipsum
892 934 1063 999 agnorum

126 1021 212 1087 'vivus
231 1016 396 1083 intimore
416 1026 448 1079 et
466 1014 646 1079 termutis.

208 1175 261 1243 Sie
282 1197 341 1238 nos
363 1192 467 1236 omnes
487 1180 551 1235 non
580 1180 687 1237 snmus
716 1174 813 1261 digni
837 1195 902 1240 neo
923 1176 1072 1263 eonjngsli·

128 1302 187 1346 neo
208 1278 354 1366 politica,
375 1296 436 1338 nee
456 1274 658 1341 ecclesiastice
678 1276 987 1357 administratione:
1012 1280 1067 1343 Nor

127 1408 197 1447 snm
219 1404 280 1467 ego
300 1381 434 1467 dignus,
459 1390 494 1439 ut
512 1399 609 1439 unsm
629 1378 804 1442 lectionem
826 1391 887 1442 sut
909 1381 1068 1446 eonoioneu

126 1484 272 1575 helicem
294 1484 347 1546 sed
367 1480 518 1545 hebemus
542 1467 727 1577 propitium}
748 1484 979 1569 indulgentem
998 1498 1023 1547 et
1037 1484 1069 1573 ig

125 1575 307 1675 ¹noscentem
328 1581 448 1659 Deum,
482 1582 535 1669 qui
565 1605 622 1645 uos
642 1585 808 1648 transtulit
839 1606 882 1649 ex
911 1609 1006 1673 regno
1022 1590 1067 1653 irs

125 1692 160 1753 in
182 1712 314 1780 rognum
337 1685 464 1775 gratiae,
486 1698 516 1747 et
535 1687 625 1771 jussit
646 1710 704 1751 nos
724 1699 833 1752 tentos
857 1689 923 1751 ilto
944 1689 1068 1753 velenen-

123 1792 159 1857 'to
181 1790 297 1878 grstise
317 1789 356 1852 sd
375 1788 479 1874 ipsum
501 1811 679 1887 quenquam
699 1792 866 1879 indignos
888 1792 1066 1869 secederent

126 1898 189 1963 frui
208 1891 365 1960 benefieiis
387 1889 507 1955 divinis.

126 2121 176 2187 Et
202 2116 362 2181 roserit
381 2111 610 2178 Abimeleeh
631 2117 764 2195 Issee,
795 2121 998 2206 dixitque:
1018 2123 1061 2188 Eu

126 2228 216 2311 ipse
235 2240 334 2284 uxor
353 2229 421 2280 tus
441 2230 516 2294 est,
538 2231 575 2281 et
595 2241 661 2282 our
683 2226 850 2288 dixisti:
878 2223 1060 2289 Sorornes

123 2328 209 2397 est?
247 2321 480 2405 Respondit
511 2320 639 2386 Iesse:
669 2324 890 2409 Quoniam
922 2329 1006 2408 dixi,
1027 2354 1060 2395 ne

281 2426 391 2491 forte
412 2423 565 2495 moriar
584 2439 760 2511 propter
780 2429 937 2512 ipsum.

122 2604 129 2613 .
206 2555 292 2619 Hseu
317 2552 424 2616 omniu
452 2549 633 2634 simpliciter
661 2554 881 2617 oeoonomioa
908 2570 939 2619 et
963 2557 1059 2641 politio

123 2672 205 2726 sunt.
246 2656 359 2740 Neque
380 2655 549 2740 quiequam
577 2655 616 2717 de
637 2654 825 2743 magnificis
856 2669 888 2717 st
908 2677 979 2719 vere
995 2657 1058 2739 spiri

125 2761 261 2826 tualibus
282 2757 377 2821 rebus
398 2757 546 2832 truditur,
568 2759 606 2822 de
627 2761 743 2845 quihus
766 2760 978 2823 oonoionstur
995 2778 1058 2822 eren

125 2869 256 2954 goiim,
276 2864 316 2928 ds
335 2860 397 2925 fids
416 2864 449 2924 iu
470 2860 649 2937 Christum,
671 2863 709 2926 de
730 2862 904 2939 Trinitate,
926 2863 965 2925 de
984 2883 1058 2925 retu·

125 2968 261 3032 rectione
282 2981 496 3043 mortuorum,
525 2968 563 3029 de
593 2964 721 3028 vintoris
742 2965 890 3046 pseusti,
918 2965 1060 3027 mortiet

122 3071 264 3134 Diaboli.
306 3069 381 3133 Ideo
408 3081 651 3134 contemnuntur
671 3066 709 3129 sb
731 3066 806 3130 istis
828 3069 939 3153 megui
958 3067 1059 3151 spiritu

122 3187 157 3237 et
176 3172 346 3237 senetitstis
365 3173 546 3257 hypocritis.
575 3169 662 3253 (Quid
682 3170 723 3234 ed
744 3191 820 3246 nos,
840 3170 1061 3255 inquientes

125 3278 232 3341 nelis?
254 3276 352 3361 Quasi
373 3296 446 3340 sero
467 3276 569 3338 virent
589 3275 651 3358 ipsi
671 3273 737 3335 sins
758 3293 866 3337 essue
900 3273 997 3359 Queri
1014 3293 1060 3335 uos

124 3382 243 3455 bibent,
264 3401 328 3445 nou
348 3378 522 3461 romeiam,
543 3398 607 3440 nou
628 3376 801 3449 dormient,
824 3399 933 3462 neque
952 3377 1061 3441 hebuit

126 3483 330 3545 masculinum
349 3497 403 3546 eut
422 3483 606 3546 femininum
618 3501 735 3553 sexum,
756 3480 900 3562 denique
920 3500 985 3543 nou
999 3501 1060 3562 opus

119 3586 258 3649 -hsbesnt
279 3604 408 3665 prorsus
429 3585 523 3649 rebus
544 3582 742 3662 ournslibus,
769 3593 828 3648 snt
847 3581 956 3645 ullum
974 3603 1059 3645 esron
