2182 4050
416 210 421 223 ι
448 169 619 256 genesia-
975 178 1016 245 57

78 331 118 395 [r.
141 311 353 393 21-t'dicebtt
371 315 450 381 intra
472 340 523 397 se,
543 318 603 382 hoc
623 330 680 395 est,
696 317 869 404 cogitabat:
890 324 956 401 „si
974 339 1019 391 te·

78 425 178 510 tigero
201 434 320 484 tautum
340 417 494 483 fimbriam
515 423 684 486 vestimenti
704 423 780 505 ejus,
801 427 997 494 salrn·ero“.

158 524 212 589 Sic
233 543 338 586 servus
359 525 521 610 cogitavit:
543 526 594 589 Eu
614 526 683 589 veni
698 526 1020 613 iaMeeopotemiam,

78 631 157 717 qnid
178 652 263 719 nuuc
280 624 398 715 agam?
418 629 553 690 Incertus
574 650 654 706 aum,
675 653 739 696 nun
760 632 858 698 habeo
878 634 912 695 in
934 659 1021 699 man.

81 733 180 809 datis,
209 733 265 795 ubi
286 731 496 795 divertendum
517 731 572 805 sit,
600 745 630 794 et
658 735 714 817 qui
739 736 874 799 adeundi
901 741 964 802 aiut
984 762 1021 801 ex

81 837 232 924 cognatis.
260 834 396 921 Domine
416 833 510 912 Deus,
531 833 578 898 ier
597 858 701 921 opem.
728 839 772 902 Et
792 841 878 903 addit
897 856 1025 905 rotume

82 942 216 1007 Utinam
234 938 351 1001 reniret
369 939 476 1025 virgo,
509 963 589 1026 quae
618 941 723 1006 futura
751 957 797 1007 eat
824 965 936 1029 sponsa
955 942 1026 1010 iilio'

82 1045 206 1112 domini
225 1047 295 1107 mei.
315 1043 409 1107 Nihil
431 1046 614 1129 praescribit
633 1047 711 1122 Deo,
731 1047 763 1110 in
785 1048 951 1112 indicativo
971 1048 1029 1112 aut'

82 1151 271 1235 imperativo
293 1148 399 1225 modo,
419 1149 505 1233 qnod
519 1150 552 1213 io
566 1150 692 1213 hittoria
707 1148 815 1214 -Iadith
835 1150 880 1226 fit,
898 1154 954 1216 aed
973 1172 1029 1238 opt

83 1270 132 1321 tat
151 1268 281 1327 tantum,
301 1250 430 1370 perinde
450 1275 487 1316 ac
508 1253 533 1315 ei
548 1275 608 1338 ego
628 1254 740 1316 tneitus
753 1266 929 1337 exoptarem
943 1257 1029 1340 prin·-

85 1360 169 1445 cipis
190 1371 254 1423 aut
262 1355 354 1419 amici
374 1357 534 1440 cujusdam
562 1359 726 1421 edrenturn
747 1372 870 1442 praeter
889 1359 1029 1475 omnium

86 1482 177 1549 opem
198 1473 229 1524 et
249 1459 437 1543 opinionem.

170 1563 307 1629 Pertinet
326 1574 428 1623 autem
456 1560 517 1624 hoc
536 1561 575 1623 ed
602 1561 845 1627 consolationem
873 1579 904 1629 et
922 1562 1033 1629 eoniir'i

89 1668 264 1735 mationem
289 1661 362 1726 fidei
390 1676 513 1725 nostroe
534 1662 567 1723 in
587 1662 801 1741 invocetione,
823 1667 897 1750 qnia
916 1667 1034 1755 tigridis

89 1784 141 1839 cet
161 1771 313 1853 scripture
333 1778 440 1829 saneta
459 1766 519 1828 hoo
539 1767 629 1843 loco,
657 1767 760 1831 Deum
780 1781 842 1831 ιιιιι
862 1766 961 1854 prope
981 1773 1035 1836 ed·

91 1897 161 1941 esse
183 1872 264 1956 piis,
291 1882 327 1933 ut
352 1890 417 1939 noa
438 1867 540 1930 tolum
555 1869 700 1937 ,exandiat
718 1892 828 1953 preces
847 1871 1033 1950 indicativae,

92 1990 131 2042 ut
150 1974 197 2038 sio
216 1973 330 2048 dicem,
345 1971 400 2036 aed
420 1983 451 2035 et
476 1971 653 2054 optativae..
676 1970 764 2035 Siout
783 1974 922 2057 quilibet,
943 1974 972 2040 ii
991 1982 1037 2041 tus

94 2093 159 2142 tam
181 2099 267 2141 auam
287 2075 383 2137 ritem
404 2073 879 2159 exploret‚hoeerpertussrt,
900 2080 1063 2141 attestor·

94 2182 201 2258 bitur,
234 2197 455 2263 saepenumero
490 2188 615 2261 praeter
649 2196 736 2259 spem
764 2181 885 2263 optanti
919 2193 1038 2289 tantum

96 2282 198 2347 multo
218 2282 399 2366 contigiste
470 2354 474 2363 .

180 2381 286 2466 Quare
313 2405 376 2445 nou
397 2395 442 2445 ιιι
466 2401 608 2458 necetre,
634 2348 716 2445 hano
745 2382 957 2465 quaestionem
982 2404 1041 2467 per
1083 2376 1090 2389 ‘

99 2487 275 2551 libertatem
303 2484 514 2570 evangelicam
541 2482 729 2566 explicare.-
745 2482 820 2546 Non
849 2484 932 2547 enim
961 2485 1042 2551 atius

102 2610 210 2652 aeneus
230 2603 292 2664 est,
318 2611 413 2672 quom
441 2587 527 2673 quod
554 2606 659 2649 serens
684 2584 793 2649 tocitut
820 2599 924 2669 optntr
955 2587 986 2649 0
1015 2588 1044 2651 ι1

104 2690 221 2756 reniret
242 2692 305 2774 jem
325 2691 429 2775 puella
449 2691 507 2752 illa
526 2690 678 2752 destinata
697 2688 801 2752 isaaco
829 2688 863 2750 iu
885 2689 1043 2751 matritum

105 2793 190 2858 nium
211 2794 252 2855 ad
273 2792 407 2872 fontem,
434 2806 467 2857 et
492 2791 585 2858 ferret
612 2790 752 2909 hydriam
779 2791 821 2855 ad
841 2790 1045 2856 hauriendam

107 2918 125 2961 ι
169 2919 229 2957 am.
948 2926 951 2931 ·
1036 2914 1042 2927 ·

126 2921 167 2981 <1¹¹
185 2994 292 3059 ludaei
311 3014 410 3063 ruerat
430 3015 530 3080 nugas
550 2989 691 3054 efferunt.
721 2990 795 3055 Sed
822 2991 951 3072 simplex
972 2989 1065 3054 taso·

108 3102 255 3164 sententia
276 3111 323 3162 est
343 3097 424 3160 serti
444 3094 580 3183 optantis
600 3096 763 3159 adventum
783 3093 921 3175 puellae,
942 3104 974 3153 et
992 3092 1049 3155 ubi

110 3226 176 3268 sam
197 3202 281 3265 videt
305 3198 460 3263 iisdem
436 3200 533 3284 signis
554 3197 692 3261 oblatam
710 3197 752 3258 ad
772 3215 803 3256 se
824 3195 982 3270 accedere,
1002 3215 1050 3257 ex·

111 3305 263 3393 pavescit,
292 3304 379 3389 quod
399 3316 461 3365 tam
481 3301 594 3364 aubito'
612 3313 643 3364 ιι
662 3300 820 3383 imperato
850 3290 963 3391 optatis¹
983 3290 1063 3378 ejui'

111 3407 286 3491 respondet,
300 3419 435 3468 eventus.
475 3403 549 3466 ldeo
571 3422 633 3465 non
653 3414 702 3463 ιιι
722 3399 859 3472 tentatio,
879 3400 935 3461 sed
955 3397 1054 3482 signi·

113 3509 214 3574 ficatio
237 3507 382 3571 desiderii
402 3507 577 3589 cujusdam,
605 3502 733 3587 perinde
761 3523 797 3564 eo
827 3500 853 3561 ei
873 3500 1052 3564 adolescent

115 3613 230 3678 reniret
251 3611 291 3673 td
311 3609 439 3673 choreae
458 3607 653 3692 puellarum,
681 3617 712 3668 ιι
730 3603 897 3690 cogitaret:
910 3618 914 3624 ·
927 3600 1054 3693 Utinam
