2182 4050
309 264 313 289 ι
469 227 669 317 genesius·
705 250 708 255 ·
766 220 845 301 ·.,.·³'t'
919 272 924 285 ,
968 228 1072 302 'ee‘

604 324 611 353 Ι

76 379 201 443 leseeet
221 379 348 464 digitos,
369 362 451 447 sicut
469 372 563 443 hodie
582 360 690 475 jurent
709 368 804 461 supet·
817 371 1025 465 es‘e‘ngelium,

77 483 112 545 in
135 483 256 568 Pepetu
276 483 378 566 jurent
399 496 494 563 super
514 467 687 577 reliqniis
674 492 868 545 sanctolum:
887 480 1026 567 Semper

77 586 165 650 enim
190 586 402 670 juramentum
428 583 464 648 fit
492 606 630 671 euper
614 584 747 649 sanctiue
778 596 808 647 et
832 587 1024 674 religiosius,

76 707 176 774 quem
197 707 254 750 noe
275 708 391 749 sumus.
433 685 498 750 Sed
518 690 589 781 cn'm
609 687 712 751 femur
737 690 897 774 ottingene
905 686 1023 812 inbuet,

76 793 190 856 hebuit
209 789 294 852 houd
315 786 408 852 dubie
428 808 487 873 pro
506 800 541 853 s'e
561 798 654 852 caere.
850 826 854 836 ·
995 818 1019 857 -t

164 891 305 981 Quodsi
308 912 415 953 verum
436 900 507 968 eet,¹
519 880 675 954 Abiehem
701 889 838 974 primum
865 896 1023 965 encloesen
1059 919 1066 939 κ

78 995 174 1061 fuisse
201 988 294 1080 hiifns
321 994 417 1070 rilu'e,
450 1000 493 1057 nt'
514 1004 717 1078 ponerentur·
735 992 836 1080 digiti·
853 993 886 1056 in
914 994 1023 1078 femur,
1054 1036 1058 1061 s

79 1100 232 1162 intellexit
252 1098 511 1187 promissionem
538 1098 603 1176 „ln
623 1086 740 1160 semiue
759 1102 847 1160 tuo“·
864 1092 1023 1177 nonnius·

80 1202 224 1287 pliciter,
244 1201 298 1263 sed
318 1202 400 1283 juxte
421 1199 586 1263 Paulinam
606 1196 857 1291 explicationem,
871 1202 1024 1285 -qnoslex

81 1304 198 1370 femore
221 1324 277 1366 eno
298 1304 436 1366 selvetor
454 1305 564 1368 mundi
577 1316 725 1367 venturus
742 1315 829 1365 esset.
847 1302 1022 1368 sentenn-

81 1409 128 1472 lne
149 1409 234 1470 hunc
254 1408 360 1470 locum
380 1416 503 1482 trectel,
524 1405 596 1470 Gel.
618 1408 713 1479 (ii-(v.
736 1394 815 1477 1on'e
835 1400 950 1481 ·„Non
976 1404 1039 1487 (lie,

83 1512 136 1574 cit:
158 1510 201 1574 Et
219 1507 397 1583 seminibus,
419 1505 509 1594 qussi
528 1509 562 1570 in
582 1509 702 1585 multis,
721 1506 776 1571 sed
796 1508 885 1590 quesi
904 1504 1021 1585 inuno,

83 1626 109 1676 et
129 1611 239 1674 semini
259 1623 333 1688 tuo,
358 1604 418 1695 'qui
440 1624 484 1674 eet
505 1610 682 1674 Chiietue“.
703 1598 810 1671 ¹illem
840 1611 1022 1691 sententium

84 1713 293 1798 promissionis
313 1712 462 1775 intellexit
478 1712 646 1790 Abraham,
665 1713 845 1795 praesertim
866 1734 938 1776 eum
959 1714 1020 1798 jem

85 1829 168 1878 netue
189 1828 270 1877 esset
295 1812 378 1877 filius
400 1828 431 1878 et
446 1816 556 1878 'heeree
576 1815 666 1877 istiue
682 1826 802 1892 tenens,
821 1814 920 1885 lesect
947 1816 1019 1901 ideo

85 1916 178 1980 femus·
199 1937 291 1979 suum
311 1895 422 1980 hebuit
442 1939 501 2000 pro
522 1924 556 1981 re
577 1919 673 1995 seces,
693 1917 727 1980 in
745 1936 840 2034 quem
852 1915 939 2002 jubet
959 1936 1021 1980 ser

87 2042 151 2082 tum
178 2019 356 2102 juraturum
384 2018 498 2104 digitos
527 2040 664 2103 ponere,
700 2016 787 2121 quie
800 2011 867 2082 ciet
893 2019 981 2084 fone
989 2033 1021 2091 et
1049 2078 1051 2085 .

87 2122 191 2208 origo,
218 2121 302 2183 unde
331 2120 485 2183 oritanum
497 2134 570 2184 eret
598 2142 719 2195 nemen,
750 2084 836 2203 qiod
856 2119 1020 2188 vivificaret

87 2237 110 2287 et
128 2217 308 2310 justificaret
328 2223 506 2285 uuiversum
526 2240 625 2307 genoe
645 2223 823 2286 humanum.
1008 2252 1016 2285 ι
1057 2304 1060 2309 1

156 2324 243 2389 Heec
263 2347 333 2409 cum
353 2326 503 2409 scripture
523 2339 628 2389 ennete
649 2325 852 2400 conveniunt,
873 2340 955 2408 quse
973 2341 1020 2387 ce.-

84 2426 178 2489 lebret
198 2427 338 2511 saepius,
358 2440 395 2491 ut
415 2440 499 2491 eules
520 2427 598 2501 dixi,
618 2427 743 2490 lumbos
763 2438 793 2489 et
813 2416 922 2489 femur.
956 2425 1020 2511 Ap·

82 2542 166 2609 peret
188 2518 316 2612 quidem
336 2551 385 2591 ree
406 2527 498 2592 foede
517 2542 648 2616 propter
672 2528 834 2594 libidinem
863 2538 893 2591 et
920 2522 1021 2593 loreis

79 2625 172 2690 bilem
194 2630 488 2714 concupiscentiam,
509 2654 587 2717 ques
606 2630 642 2694 in
662 2651 796 2716 corpore
817 2630 953 2694 homene
973 2650 1021 2703 ees

80 2730 149 2793 (lem
168 2728 262 2794 hebet
280 2731 314 2794 in
333 2734 462 2817 renibus
482 2746 514 2798 et
533 2734 668 2813 femore,
695 2722 732 2799 et'
744 2746 848 2796 temen
868 2731 953 2815 Dens
973 2751 1020 2797 ese

76 2845 167 2914 putet
186 2855 248 2918 pro
265 2857 303 2899 ee
324 2837 532 2913 eeuctieeime,
561 2857 639 2921 queo
659 2856 714 2902 sue
733 2846 845 2900 netum
864 2832 1020 2900 ”fiscella
1044 2914 1048 2927 Ι

76 2948 107 3000 et
125 2939 229 3021 turpis
249 2950 279 2999 et
298 2951 426 3023 peccato
447 2939 617 3023 inquinate.
866 2952 869 2961 ’

157 3038 212 3102 sie·
232 3042 357 3104 mandet
385 3042 649 3108 circumcisionem
675 3036 708 3101 in
735 3038 808 3103 loco
826 3031 1018 3121 turpiseimo,
1070 3049 1073 3054 '

77 3141 116 3204 ¹(le
138 3162 203 3226 quo
230 3143 279 3204 vix
300 3147 449 3235 cogitesi,
477 3146 592 3210 nedum
620 3144 681 3208 dici
695 3145 789 3208 'selvo
813 3142 934 3227 pudore
947 3143 1018 3229 ¹pei

77 3254 142 3306 test.
185 3242 249 3307 sel
269 3243 443 3331 significet,
462 3266 520 3313 noe
539 3248 668 3310 miseros
688 3257 865 3329 peccetoeee
885 3261 948 3306 uon
969 3262 1019 3306 eo·

77 3345 143 3409 lum
163 3360 332 3432 conceptos
350 3362 379 3412 et
400 3363 487 3413 uetes
506 3349 539 3412 iu
560 3332 825 3432 concupiscentie,
850 3345 906 3408 sed
926 3343 1018 3406 etieite

79 3460 239 3512 venturum
260 3469 364 3514 semen
385 3452 525 3515 Abrehee
544 3451 750 3533 promissum,
781 3440 1019 3535 (peninon-ee·

82 3547 144 3613 lem
162 3550 358 3616 benedictum
388 3566 417 3617 et
437 3554 554 3636 ubsque
575 3560 698 3635 peccsto
720 3563 750 3614 et
769 3543 1019 3651 concupiscentie

88 3651 136 3730 sit,
153 3653 209 3719 ied
227 3653 319 3721 etiem
339 3656 573 3723 benedictn-nn
595 3674 704 3719 omnes
723 3646 870 3747 genista·
939 3696 943 3705 ·
997 3690 1021 3707 ··

643 3760 786 3830 2⁴¹2
