2182 4050
474 161 693 251 genesin*-
759 136 762 145 ι
980 164 1043 231 1173

93 315 185 399 quod
206 326 268 376 tam
289 311 392 396 ampla
413 332 468 396 spe
488 322 561 395 post
582 320 699 373 tantam
714 307 963 393 desperationem
983 313 1043 376 eri-

93 432 198 503 gatur,
220 430 253 480 ut
274 413 326 477 fiat
347 426 445 498 mater
463 412 584 497 ¹duplici
605 410 706 497 prole,
729 420 809 494 quae
829 413 916 497 prius
937 435 1044 499 repro-

92 520 136 583 ba
157 533 187 581 et
208 518 347 602 projesta
368 514 478 591 iaterst,
499 529 531 578 et
551 517 615 600 jam
632 512 722 576 alteri
743 504 877 602 gloriam
897 517 1044 580 materni-

93 623 185 696 tatis',
206 635 242 685 ut
263 642 357 704 supra
378 619 453 682 Sars
473 617 563 694 feeit,
589 638 713 681 sessura
733 629 808 691 erat,
828 602 896 679 tin'n
917 618 1044 685 demum

94 725 132 788 in
152 723 361 793 tristissimam
372 732 402 782 et
416 732 580 784 extremam
599 718 844 806 desperationem
866 721 1042 805 conjicitur.

98 830 302 894 Colliduntur
322 824 405 887 euim
425 821 485 886 filii
504 820 584 886 intr's
602 821 723 908 ipsams
745 832 960 907 nequetsmen
982 844 1045 886 eer-

98 946 133 994 to
156 931 231 1005 seit,
252 930 353 990 sintne
373 924 441 1004 titii,
461 948 501 989 sn
523 947 599 989 non.
640 926 693 990 Ait
712 925 824 1011 igitur:
846 922 908 1001 „Si
928 925 984 1000 sio,
1005 925 1046 988 ad

99 1035 179 1118 quid
201 1051 260 1115 ego
270 1030 318 1090 “i’
335 1027 500 1114 'Elliptioa
521 1030 619 1094 oratio
641 1042 688 1092 est
707 1027 889 1112 trepidantis
914 1040 945 1090 et
971 1049 1046 1113 poe·
1078 1023 1080 1029 ’

101 1135 225 1196 nitentis
248 1133 285 1194 de
307 1130 414 1214 priore
435 1143 526 1209 uoto,
555 1153 621 1217 quo
642 1143 801 1218 optaverat
822 1131 950 1217 gravida
970 1151 1045 1195 esse.

101 1237 232 1300 Utinam
261 1254 420 1316 nunquam
449 1252 602 1309 orassem,
631 1220 764 1320 rogitat:
793 1242 980 1319 quare'non
1001 1232 1047 1297 fui

101 1341 232 1422 patiens,
253 1335 392 1405 etalteri
413 1335 483 1399 dedi
504 1337 552 1418 jus
574 1335 783 1409 maternitatis,
804 1336 830 1397 si
851 1335 979 1419 quidem
993 1333 1047 1398 tri·

102 1444 197 1504 stiora
217 1441 316 1502 multo
338 1449 542 1521 quam'antea
562 1439 694 1523 experiri
713 1450 743 1502 et
764 1431 846 1501 ferre
863 1437 989 1524 sogor?

184 1542 266 1605 Haeo
295 1540 427 1625 duplex,
452 1539 517 1602 imo
549 1541 710 1624 septuplex
737 1541 864 1604 tentatio
893 1555 955 1621 sst3
984 1528 1047 1625 jam
1080 1564 1082 1569 ·

102 1644 186 1707 enim
208 1641 433 1719 sentit,⁸satius
455 1641 547 1705 iuisas
568 1664 694 1705 manere
713 1642 748 1704 in
768 1648 917 1727 perpetue
938 1643 1047 1706 sterili·

102 1759 174 1818 tate,
197 1767 291 1828 quam
311 1742 405 1828 affligi
426 1757 488 1808 tam
509 1743 630 1822 misere,
650 1757 680 1807 et
700 1744 795 1807 simul
815 1743 905 1807 etiam
927 1745 965 1806 de
985 1766 1047 1808 ma-

102 1848 244 1908 ternitate
264 1846 295 1906 in
317 1846 447 1909 dubium
468 1847 581 1923 venire,
602 1868 695 1933 quam
716 1847 852 1909 seeundo
873 1846 936 1927 jam
951 1842 1073 1933 resig-‘

102 1970 178 2008 nare
206 1948 347 2034 cogitur,
379 1961 545 2031 propterea
575 1948 660 2032 quod
689 1949 779 2010 sentit
800 1971 884 2011 nuno
904 1961 1047 2021 mortem,

102 2061 134 2110 et
156 2051 193 2111 de
215 2051 273 2109 vita
293 2048 462 2132 periclitari
480 2048 598 2132 incipit.
635 2048 743 2111 Nescit
764 2049 856 2127 euim,
877 2049 953 2133 quid
973 2038 1048 2110 mali

103 2155 153 2229 sit,
178 2154 276 2237 qualis
298 2153 337 2214 sit
356 2166 460 2214 motus
480 2153 513 2212 in
532 2164 641 2214 utero:
662 2163 780 2215 tautum
801 2151 893 2215 sentit
913 2151 1048 2213 collisio-

103 2278 194 2329 nem;
224 2276 281 2316 neo
301 2265 402 2337 potest
427 2253 530 2329 aliud,
559 2275 652 2337 quam
680 2276 712 2316 se
733 2255 834 2340 ipsam
854 2273 997 2316 accusare
1013 2265 1049 2316 et
1072 2297 1075 2305 -

106 2360 251 2421 damnare
273 2356 436 2430 stultitiae,
466 2354 552 2436 quod
579 2368 741 2439 tantopere
768 2354 913 2441 flagitarit
939 2378 957 2419 a
979 2356 1056 2445 Deo

106 2461 237 2544 prolem.
260 2442 355 2522 Videt
369 2479 462 2532 nuno,
483 2457 543 2519 sibi
563 2458 756 2541 pereundum
776 2479 844 2522 essa
863 2460 982 2543 majore
1003 2460 1049 2545 ig-

107 2561 252 2631 nominis,
273 2581 366 2643 quam
387 2559 413 2620 si
433 2559 594 2621 mansisset
615 2558 737 2625 sterilis.
773 2558 816 2623 lts
837 2561 1052 2645 submergitur

105 2665 216 2723 iterum
247 2683 316 2744 spes
344 2661 563 2724 maternitatis:
592 2662 657 2724 imo
687 2675 784 2725 mater
811 2684 882 2725 oum
909 2661 974 2724 fetu
1002 2682 1050 2724 ex-

106 2764 283 2847 stinguitur.
325 2764 401 2826 Non
415 2820 418 2831 ,
433 2762 515 2824 enim
535 2776 637 2846 potest
657 2761 737 2826 ratio
758 2763 842 2827 aliud
864 2764 976 2828 sentire
998 2777 1051 2828 aut

105 2868 265 2952 cogitare,
295 2865 539 2959 quandocunque
562 2863 646 2928 Deus
665 2862 800 2929 infirmat
827 2889 914 2951 spem
930 2879 965 2931 et
985 2889 1051 2931 ora·

104 2969 224 3032 tionem
253 2981 407 3041 nostram,
436 2991 528 3053 quam
554 2981 589 3031 ut
617 2966 714 3031 diostz
744 2969 818 3056 Quo
845 2971 960 3036 diutius
982 2990 1051 3047 oro,

107 3073 168 3136 hoo
188 3073 313 3156 gravius
334 3070 453 3155 affligor
472 3083 502 3133 et
523 3071 689 3135 excrucior.

189 3174 274 3236 Num
300 3172 398 3261 igitur
424 3193 488 3236 nou
516 3175 574 3238 erit
601 3174 770 3248 orandum,
794 3190 860 3237 nou
879 3166 1050 3254 fidendum,

107 3299 175 3340 non
197 3275 409 3361 sperandum?
443 3289 479 3338 ut
499 3296 581 3339 uuus
601 3274 750 3360 Epicurei
770 3273 894 3350 dieunt,
926 3297 960 3339 se
980 3264 1050 3365 per-

108 3384 229 3443 mittere
251 3379 356 3443 omniu
377 3374 481 3442 divino
509 3374 637 3439 arbitrio
658 3389 689 3439 et
716 3372 918 3439 ordiustiooir
947 3400 1075 3451 necess„

107 3485 187 3546 sario
210 3483 290 3544 enim
312 3503 345 3542 ea
361 3495 512 3555 eventura,
533 3498 613 3565 qnae
627 3477 713 3565 ssepe
730 3477 905 3542 deereverit.
926 3477 1051 3566 Nequa-

109 3608 203 3670 quam
231 3583 456 3648 intermittenda
485 3594 531 3647 est
549 3580 727 3659 invoostio,
756 3579 828 3664 quis
855 3579 945 3666 jussit
965 3583 1051 3647 fleus
