2250 4064
145 166 206 234 tot
332 159 917 248 Vigeaimumprimnmeapnt
975 200 981 207 -

143 324 176 377 et
193 330 247 375 rex
274 324 404 397 propter
424 310 649 399 negligentiam
668 310 791 373 officii?
819 312 874 377 lta·
887 334 977 377 sane
1017 312 1091 377 vat

143 416 227 481 enim
247 416 343 492 Deus,
364 435 423 479 nos
444 415 557 477 habere
576 428 769 499 peccatores,
788 428 825 477 ut
844 435 913 477 non
935 414 1089 499 snperbia-

142 540 232 595 ιω,
259 519 316 583 sed
335 540 483 607 canamus
503 540 575 581 cnm
594 518 715 583 Decide
736 518 803 592 (Pr.
826 521 883 593 19,
905 522 989 589 tut:
1018 518 1088 593 „Ab

142 622 276 685 occultis
295 623 371 683 meis
391 622 577 695 liberante,
605 620 778 684 Domine“.
817 620 913 683 ltem:
946 618 1101 697 „Delicta

143 723 216 809 quia
235 724 440 809 intelligitur
479 726 527 786 Ao
545 723 624 786 utile
644 737 690 786 ert
710 724 807 801 aene,
837 725 929 808 qnnul
948 724 1013 787 tela
1031 724 1086 785 offi-

142 829 228 893 cium
256 850 366 917 geras,
397 825 449 891 cui
472 827 592 910 ubique
622 825 797 891 satisfacere
814 825 1017 910 impossibile
1035 826 1085 901 ait;

143 931 199 1015 qui
219 931 304 995 aliud
326 944 470 1007 statuent,
491 929 690 1013 superbiunt,
709 943 740 991 et
753 949 813 1012 per
825 930 1013 1014 snperbia·
1025 950 1084 1015 gre

142 1034 267 1097 tissime
287 1033 476 1120 impingunt.
514 1035 627 1098 Solent
654 1046 757 1096 antem
778 1034 841 1095 hoo
860 1033 928 1095 fere
947 1033 1002 1095 iui
1017 1030 1081 1095 fitt-

140 1156 187 1213 ro,
206 1138 263 1220 qui
282 1139 393 1201 novitii
413 1138 453 1201 ad
472 1136 731 1222 gubernationem
751 1135 915 1198 accedunt.
950 1136 996 1199 Hi
1012 1136 1078 1197 min

96 1262 103 1271 ’
141 1239 220 1303 aiom
239 1242 378 1325 imperiti
398 1240 552 1324 sagittarii
572 1239 755 1323 longissime
775 1259 793 1299 a
813 1260 915 1321 scopo
938 1239 1078 1303 aberrant

139 1340 297 1405 Voluntas
318 1342 417 1427 igitur
436 1342 513 1405 boni
534 1340 733 1427 magistratus
753 1363 818 1403 nou
839 1353 906 1415 est,
928 1342 1018 1425 quod
1034 1360 1080 1401 no·

140 1464 211 1507 tera
231 1445 323 1521 velit3
345 1446 406 1507 huo
426 1445 554 1507 consilia
576 1444 679 1506 omnia
696 1444 816 1531 elingit,
835 1457 877 1505 ut.
891 1444 997 1527 prosit
1016 1428 1079 1505 snit.

140 1544 205 1609 Sed
224 1546 308 1608 servi
337 1559 368 1610 et
394 1550 579 1624 consiliarii,
606 1570 743 1633 quorum
770 1569 869 1637 opera
888 1545 1101 1633 cogiturnti,'

139 1650 228 1733 quod
248 1649 336 1713 aolus
362 1662 409 1714 tot
436 1651 570 1737 negotiis
591 1652 727 1713 sufficere
757 1671 821 1713 non
841 1652 961 1733 poasit,
993 1648 1079 1713 multa

136 1751 257 1816 faciunt
277 1755 337 1815 sub
358 1756 482 1817 nominc
501 1752 702 1838 principum,
724 1754 849 1836 quaesi
869 1746 1008 1843 scirent,
1026 1772 1078 1813 nan

137 1866 327 1937 peterentur.
350 1855 401 1919 sic
420 1878 437 1918 a
453 1857 570 1919 familia
591 1857 686 1919 multa
697 1869 876 1940 peccantur,
899 1878 982 1941 qnae
1001 1848 1089 1941 igno·

136 1956 309 2020 ratherus.
893 1984 900 1991 ·

216 2060 301 2123 Idem
323 2057 413 2121 etiarn
441 2056 552 2119 sanctia
573 2057 693 2122 accidit.
735 2060 931 2124 Exercentur
958 2085 1023 2126 non
1039 2082 1076 2125 to·

135 2161 204 2227 lum
223 2160 336 2246 poenis
357 2173 386 2222 et
406 2162 660 2224 tribulationibus
686 2165 811 2239 multis,
840 2167 897 2228 sed
917 2166 1013 2228 etiam
1030 2165 1075 2227 iot·

133 2267 296 2352 plicantur
315 2285 407 2348 saepe
426 2263 460 2325 in
482 2262 672 2328 offendicula
691 2268 799 2351 lapsus
816 2281 847 2330 et
867 2268 999 2333 enoris.
1022 2262 1073 2331 Sel
1097 2314 1099 2319 .

135 2369 316 2435 diccendum
345 2379 408 2442 est,
436 2367 523 2451 qnod
551 2388 616 2428 non
645 2368 718 2431 ideo
739 2383 887 2452 pereunt:
916 2375 1014 2436 modo
1030 2389 1071 2433 ro·

133 2471 238 2536 luntas
259 2470 377 2534 sincera
398 2481 429 2532 ct
448 2491 529 2553 pura
549 2470 598 2545 sit,
620 2492 655 2533 ac
677 2472 759 2534 absit
780 2473 920 2559 ignavia.
948 2474 985 2539 Si
1003 2472 1067 2537 eal!
1092 2538 1098 2561 Ι

132 2573 248 2657 privati
276 2595 341 2636 non
361 2585 494 2657 possunt
514 2573 580 2634 sinc
600 2589 727 2656 peccato
755 2577 878 2650 virere,
911 2577 1012 2638 multo
1028 2570 1070 2635 rai-

132 2694 194 2737 nua
214 2674 247 2737 id
267 2687 424 2757 poterunt,
446 2674 502 2759 qui
523 2675 555 2737 in
577 2679 761 2763 magistratu
781 2691 864 2741 sunt
907 2679 1021 2744 Videat
1036 2690 1070 2738 ta·
1093 2696 1097 2709 ·

131 2797 204 2840 men
223 2778 449 2861 unuaquiaque,
470 2791 505 2839 nt
525 2801 591 2842 non
610 2782 690 2843 adsit
710 2780 793 2843 mala
805 2781 962 2861 voluntas,
983 2796 1013 2847 et
1028 2778 1071 2845 alt·
1093 2820 1097 2829 ι

131 2880 173 2945 sit
192 2879 334 2945 affectata
355 2879 544 2964 ignorantia.
1094 2956 1096 2961 Α

211 2982 363 3066 implorat
381 2983 479 3067 igitur
504 2983 660 3047 Abraham
681 2983 914 3072 magistratum,
934 2990 994 3053 aad
1011 3006 1069 3051 ca!
1094 2974 1096 3001 ἰ

129 3083 348 3169 increpatione.
378 3084 430 3148 Sic
450 3088 530 3148 enim
553 3086 688 3171 cogitat:
719 3090 785 3149 Rex
805 3089 862 3152 iste
883 3090 930 3153 sic
951 3090 1069 3155 debebat

111 3188 300 3281 uituperare,
327 3200 362 3251 ut
389 3188 515 3251 haberet
541 3189 723 3252 obedientes
744 3212 866 3268 servos,
902 3195 961 3279 qni
982 3020 1097 3297 eatertl

128 3304 293 3375 pactorum
314 3292 456 3354 custodes
477 3303 554 3366 ctu,
577 3293 626 3355 hic
646 3308 729 3356 certe
750 3296 829 3357 mala
850 3295 996 3365 voluntat
1015 3314 1068 3357 noa
1093 3299 1097 3375 l

128 3392 198 3459 fuit.
220 3396 408 3479 Experimnr
428 3410 529 3457 autem
552 3416 619 3471 noa,
640 3395 737 3459 hodie
758 3399 841 3460 idem
856 3392 926 3458 lieri
944 3395 981 3459 in
1001 3392 1067 3460 anl'l

65 3492 74 3503 “
126 3498 314 3581 principum.
353 3494 453 3581 Saepe
473 3497 550 3561 mihi
571 3499 633 3560 hoo
653 3500 773 3576 accidit,
793 3511 839 3575 nt,
860 3518 933 3561 cun
955 3519 975 3562 a
993 3518 1068 3583 prm

62 3610 203 3824 q
216 3620 288 3664 oum
307 3601 391 3683 bona
418 3601 521 3689 gratia
541 3602 667 3687 aliquid
686 3601 922 3688 impetrassem,
948 3602 1068 3667 interae·
1095 3556 1100 3723 Ε

197 3756 204 3777 “’
1096 3742 1101 3779 t
