2182 4050
66 332 107 377 m
126 309 214 375 dnae
234 307 312 393 illae
330 326 440 381 mutae
457 300 696 377 oonmlrretentt
716 310 992 397 priunuuodit,

66 415 264 479 nannetum
283 411 453 477 ministeria
473 417 686 488 ecelesiarum,
706 426 814 477 natura
830 429 992 480 arantem·

66 517 158 594 dinei,
191 529 224 578 at
252 514 453 599 implicabant
472 539 505 581 ae
526 516 737 586 eaenularibua
759 516 893 602 negotiie
913 533 991 581 trao-

66 620 145 683 aetia.
169 618 336 693 Secunda,
365 620 451 703 qnod
476 619 625 682 nobilitas
652 630 682 681 et
708 610 905 703 magietratue
925 630 992 682 erat

66 742 192 810 marna,
220 734 254 783 et
280 719 420 806 fugiebat
445 723 586 799 laboret,
614 721 799 804 indulgebat
818 721 992 803 voluptati·

66 850 109 903 aa,
125 837 156 889 et
177 846 289 889 euram
308 825 540 910 gubernmionia
560 825 760 909 relinquebat
773 822 924 886 minietrir
944 843 991 888 eo-
1027 874 1031 885 .

113 1050 201 1113 Haeo
223 1046 329 1111 adhue
349 1046 443 1111 hodia
469 1030 718 1110 eadrifioulorum
743 1049 918 1130 potentiam
938 1066 991 1112 an·

66 1152 164 1217 dunt.
192 1151 283 1213 Dum
304 1149 384 1211 enim
408 1150 565 1234 principes
585 1161 745 1226 venantur,
766 1163 990 1230 oomeaaantur,

66 1258 158 1333 adnut,
179 1255 306 1330 saltant,
326 1273 382 1316 neo
401 1253 514 1315 volunt
529 1270 845 1334 componeremus,
865 1253 991 1316 tandem

66 1357 180 1423 trochia
212 1355 398 1439 disciplinae
428 1354 568 1420 ouatodia
596 1351 755 1415 retinenda
775 1365 830 1415 eet.
873 1352 937 1416 Sed
957 1351 991 1416 bi

66 1460 184 1523 arietate
214 1458 416 1543 negotiorum
445 1456 649 1538 saecularium
680 1454 801 1531 obruti,
837 1455 991 1540 abjiciunt

66 1561 213 1629 emanatio
235 1559 342 1624 Biblia
362 1572 392 1624 et
420 1559 555 1622 etodium
577 1580 735 1624 eaorarum
755 1581 870 1622 rerum.
912 1559 990 1623 Non

66 1668 118 1731 nm
137 1677 279 1750 poaennt
298 1663 392 1727 aimnl
411 1662 605 1744 reipublioae
625 1675 657 1727 et
676 1662 825 1727 ecelesiae
845 1664 968 1727 servire.

112 1810 183 1874 Noa
207 1810 336 1896 quidem
366 1790 533 1893 diligenter
552 1809 668 1873 interea
689 1800 856 1884 doeemur,
878 1806 988 1877 dietin-
1035 1844 1039 1851 ·

66 1912 177 2001 nmilia*
195 1933 266 1975 eaae
287 1912 564 1976 administrationes
591 1912 680 1989 illae,
706 1910 868 1996 politicam
887 1923 919 1973 at
940 1932 988 1974 eo-

66 2015 260 2092 leeiattieam3
290 2015 346 2079 aed
370 2013 493 2077 frustra.
534 2013 639 2097 Culpa
666 2012 764 2101 igitur
784 2025 830 2076 eet
850 2035 917 2076 non
938 2035 989 2078 ιο·

66 2116 103 2182 ἰι
122 2118 366 2182 ambitiosorum
378 2117 628 2201 -Epiaooporum,
650 2114 737 2199 quod
749 2115 919 2179 exaltantur
939 2136 986 2179 aa·

66 2222 174 2287 rdotee
197 2235 228 2285 et
250 2232 401 2297 oreaonnt,
421 2221 476 2282 aed
496 2219 601 2305 ignavi
622 2214 830 2303 magistratue',
852 2218 989 2303 quiqui

66 2343 104 2385 ιω
124 2323 196 2385 vult
217 2343 285 2409 eaae
307 2323 341 2385 in
363 2322 466 2410 glorie
488 2334 517 2384 et
539 2321 699 2406 dignitate,
722 2342 759 2382 ae
780 2318 909 2395 merit03
931 2318 988 2384 ted

66 2445 102 2487 on
121 2424 192 2486 vult
212 2423 365 2488 laborare.
409 2424 489 2488 Cum
516 2424 614 2511 igitur
639 2423 700 2508 ipsi
731 2421 867 2507 officium
885 2422 986 2488 lacere

66 2526 168 2604 olunt,
200 2527 257 2612 qui
277 2527 317 2590 ad
337 2527 371 2589 id
391 2529 492 2591 vocati
511 2540 602 2604 aunt,
624 2547 660 2588 aa
681 2523 818 2589 defeatur
838 2526 872 2589 in
892 2528 988 2612 impa-
1034 2592 1038 2597 ,

66 2631 89 2693 ie
109 2653 166 2692 aen
187 2629 291 2692 morbi
312 2643 386 2693 aunt
404 2629 569 2715 perpetui,
588 2628 620 2694 et
639 2629 803 2713 requirunt
822 2630 997 2709 medicum*

66 2743 236 2815 ipaatorea
263 2734 461 2797 ecelesiarum
491 2754 559 2796 eam
588 2754 692 2796 auram
713 2732 902 2816 surripiunt,
928 2733 986 2800 hm

66 2833 233 2898 intendem
252 2836 293 2899 ad
316 2834 495 2920 dignitatem
515 2833 711 2918 pontificiam
733 2835 904 2900 devenient

932 120 944 133 ,
1011 89 1023 123 Ι

242 171 259 255 J
294 156 304 199 ·’
338 222 341 227 ,
429 162 607 249 generis.
646 234 650 245 Ι
820 214 823 221 .
868 144 874 162 ’
931 165 992 235 157

114 2969 311 3034 Exhortaudi
331 2968 431 3052 igitur
451 2982 540 3032 erant
560 2968 755 3054 magistratus
775 2970 814 3033 ad
834 2969 986 3053 laborem,
1009 3024 1015 3055 e

66 3070 123 3133 tad
143 3070 305 3135 moleatiaa
332 3071 553 3146 sustinendam.
576 3091 653 3155 quaa
678 3073 874 3156 gubernandi
903 3077 985 3141 ratio

66 3171 171 3257 iligena
193 3195 303 3237 aenum
321 3171 418 3238 affert.
446 3173 586 3234 Mundae
607 3172 689 3235 enim
710 3176 776 3240 vult
796 3177 985 3264 gubernari3

66 3277 114 3340 lina
132 3277 282 3363 injur-iia,
304 3277 384 3339 aliur
404 3275 519 3361 plagia,
540 3274 620 3337 aliua
640 3274 771 3361 indigna
792 3286 985 3349 contumelia

66 3380 178 3445 initura
216 3378 350 3464 requirit
374 3375 475 3462 igitur
503 3397 562 3440 oeu
589 3376 623 3439 in
648 3379 761 3442 morbo
790 3383 985 3451 medicinam

66 3481 161 3546 aodai
181 3480 237 3545 iati
257 3481 290 3542 in
310 3480 423 3564 politia
441 3493 571 3558 emanat,
591 3502 640 3545 ree
661 3482 838 3547 devolvitur
857 3486 897 3549 ad
917 3508 983 3568 eoa,

66 3584 184 3650 urunt
211 3582 247 3647 in
274 3584 414 3653 eoaleaia.
455 3584 509 3651 Sia
533 3585 605 3671 ipaa
631 3585 757 3673 negotia
782 3599 813 3653 et
839 3589 984 3656 laborum
