2182 4050
333 133 526 268 ‘geneiis
750 210 754 219 ·
866 186 924 253 241
1015 150 1033 185 ι’

75 347 107 411 ln
127 335 239 407 omnium
275 332 437 429 hominum
471 332 596 408 animis,
628 333 827 425 consideret?
861 328 925 397 dut

75 452 195 515 urceos
213 448 412 499 contemnunt
432 447 462 499 et
483 436 633 508 oderunt,
662 446 716 496 sut
742 436 769 497 si
796 438 922 519 quondo

75 556 131 621 Brut
145 542 222 608 rerba
248 552 278 602 et
298 536 538 622 promissiones,
568 535 723 614 dubitem,
748 539 867 631 ues'eire
888 560 922 602 ss
1034 566 1036 573 ,

75 667 109 730 ns,
122 671 151 714 en
166 642 291 709 sitDeus
313 642 389 704 sdeo
410 640 596 712 misericors,
616 660 656 700 un
676 653 762 703 ourst
783 648 922 704 eversu·

75 755 260 823 disserentes,
279 756 310 807 et
328 746 496 827 prueuipne
515 741 664 823 indiguos
684 753 714 802 et
734 752 921 825 preesto'reu

98 838 197 939 Quando
214 858 314 908 sutem
335 846 455 907 enimus
474 844 508 903 in
537 840 633 903 dubio
653 856 716 919 est,
743 858 777 906 ut
799 848 851 911 ille
872 850 931 911 in-'

75 951 192 1039 1,psnlo
216 962 371 1012 momento
400 942 573 1028 impellitur
599 942 692 1006 etism
718 947 757 1009 sd
777 948 929 1032 blsspbe··

75 1082 107 1129 ιι
120 1069 141 1119 et
155 1051 399 1135 desperationem.
420 1046 494 1109 ldso
516 1045 607 1107 toties
626 1060 732 1110 mouet
745 1048 861 1113 Psulus
881 1053 921 1117 de

75 1144 211 1247 perduint,
237 1156 382 1230 hoo'est,
408 1147 497 1212 firme
525 1159 556 1210 et
583 1146 713 1210 immote
739 1153 921 1237 cognitione

75 1261 162 1329 brutis
177 1257 295 1320 divinoe
320 1277 397 1343 erge
417 1272 495 1326 nos,
527 1271 605 1333 quee
627 1253 828 1317 conscientias
849 1279 922 1321 eon·

75 1376 120 1441 u,
133 1374 156 1425 st
170 1361 346 1424 corroboret
363 1371 474 1423 ooutre
494 1373 619 1417 omnem
639 1352 871 1425 hsesitstiouem
891 1374 923 1426 et

75 1463 190 1531 fluisse
487 1514 490 1521 .
930 1512 935 1521 .

98 1565 212 1637 buetrim
237 1560 342 1645 Papus
371 1578 409 1622 eo
437 1553 650 1629 detestsbilior¹
666 1567 729 1633 est,
756 1560 838 1643 quie¹
859 1582 924 1627 uon

76 1662 235 1749 lmuegligit
255 1664 330 1739 ists,
359 1661 413 1726 sed
441 1662 536 1725 etism
565 1659 658 1743 impie
679 1662 784 1723 statuit
804 1662 924 1727 dubitu-

76 1792 135 1835 ues:
148 1769 196 1830 hoe
215 1776 269 1841 est,
290 1764 395 1848 pulum
415 1760 596 1848 pronuntiat
613 1761 713 1827 Deum
734 1768 924 1849 mendaeem,

76 1870 126 1933 'nti
138 1871 289 1951 promittet,
309 1866 401 1951 juset,
423 1863 613 1951 oppignoret
626 1884 713 1926 susm
724 1869 924 1953 majestatem,

76 1968 195 2033 ‚atticas
219 1966 287 2031 sibi.
332 1966 489 2053 Quantum
518 1990 591 2031 vero
617 1969 688 2032 meli
709 1970 802 2034 sitin
824 1972 923 2056 impio

92 2070 230 2155 blasphemo
267 2068 429 2152 dogmate,
466 2084 617 2135 testentur
645 2084 770 2134 externa
798 2074 925 2151 seelern,

76 2170 135 2247 sn'tie,
148 2168 280 2262 libidines
302 2184 333 2233 et
353 2173 454 2234 omnis
475 2174 599 2259 generis
616 2172 741 2261 flagitis,
763 2195 841 2259 quse
860 2188 924 2237 tou-

76 2292 107 2334 us
124 2274 180 2335 usli
204 2272 321 2337 fruetus
350 2294 386 2336 ex
413 2274 522 2338 vitiose
551 2277 662 2340 arbore
695 2292 861 2339 naseuntur
888 2299 926 2339 ex

76 2362 176 2457 sptem
191 2376 302 2463 eorde,
321 2376 418 2465 ¹quod
444 2376 547 2440 Deum
575 2402 639 2441 non
669 2379 760 2441 sentit
784 2378 935 2441 verneem'

77 2476 156 2547 urive
173 2477 347 2562 promittet,
369 2479 432 2542 sive
454 2481 581 2543 mundet
601 2491 654 2543 eut
673 2478 806 2545 minetur
826 2492 926 2543 unns·

76 2576 198 2643 dientibuu
218 2583 373 2644 mundato.
733 2642 743 2665 ,

90 2676 142 2767 ideo
165 2684 294 2766 epistola
322 2685 361 2748 sd
381 2683 537 2745 Hebrseoi
565 2679 734 2765 diligenter
760 2690 866 2743 monet
887 2681 926 2744 de

76 2778 171 2847 titudine
191 2785 314 2848 consilii
335 2798 364 2847 et
384 2784 599 2869 promissionis
612 2783 742 2859 divinae,
763 2806 802 2847 ne
822 2770 927 2847 iueon-

76 2884 131 2947 utinm
149 2900 178 2947 et
196 2888 360 2948 venitatem
383 2888 450 2949 Deo
471 2886 651 2948 tribuemus.
684 2882 736 2947 sie
756 2885 797 2948 ed
817 2884 928 2951 Titum

82 2994 114 3059 l.)
138 2989 250 3053 diserte
271 2988 375 3073 inquit
394 2988 528 3050 Puulnss
561 2985 656 3070 „Qui
683 3007 749 3048 non
768 2978 928 3065 mentitur,

77 3093 113 3147 s“.
151 3082 312 3171 Quorsum
332 3091 450 3166 ettinet,
470 3090 604 3174 inquies,
624 3089 684 3151 ists
699 3098 766 3151 ,tam
788 3102 928 3153 seeurste

77 3188 136 3251 trs?
154 3188 234 3274 Quis
256 3191 338 3254 enisu
358 3190 439 3255 sueit
460 3191 572 3266 dicere,
593 3190 694 3253 Deum
712 3191 859 3254 mentiri?
879 3191 930 3257 Au

85 3290 169 3353 etism
188 3288 348 3369 Pontifex,
376 3293 491 3370 Turni,
518 3293 623 3357 ludaei
644 3302 795 3370 statuunt,
828 3294 931 3359 nsum

79 3396 387 3480 serseem,'justum,
409 3395 600 3479 sapientum,
620 3392 763 3457 bonum?

77 3495 117 3561 At
142 3496 190 3557 illi
219 3494 283 3580 ipsi
312 3519 384 3560 oum
412 3496 543 3560 maxims
562 3498 624 3560 boo
652 3496 776 3573 diuunt,
802 3496 933 3561 maxims

77 3594 239 3663 steum
258 3599 449 3676 meuduesm',
469 3598 630 3686 injustum,
649 3597 847 3689 insipientem
866 3620 936 3667 esse

77 3708 132 3763 teis
145 3706 198 3781 op.
218 3720 318 3783 erepet
337 3710 389 3767 rol.
399 3712 430 3768 V.
623 3710 665 3779 16
