2182 4050
351 150 355 155 ·
439 120 665 203 'genesis
860 172 864 177 .
984 122 1045 190 215

94 270 160 333 ldec
181 269 281 333 nabis
302 265 466 331 horribilis
486 280 518 331 et
536 264 738 352 impce'sihilia
758 264 894 344 ridetur,
914 286 1045 352 aterque

96 372 224 459 ῐιιςὶωιιι
246 385 280 433 et
292 370 425 433 odimus.
447 369 702 443 Adsuescendum
722 383 825 441 tamen
845 383 877 433 et
890 372 1044 456 incipieu-

97 476 158 540 ἀνω
178 489 229 537 eat
249 472 558 557 exempchbrahse‚
579 475 635 561 qui
655 495 720 537 nors
741 470 834 559 sugit,
854 473 910 535 aed
923 496 1043 543 summe

96 576 247 639 reluctata
272 587 441 657 exspectat,
462 591 502 645 et.
514 578 588 653 idea
608 580 706 655 adeat,
726 590 763 645 ut
776 586 928 641 mactetur
947 574 1042 655 filius.

98 692 169 742 etat
189 680 254 741 vita
277 666 424 741 succedat
443 683 545 747 morti.
735 672 739 695 ²
915 752 924 779 r

163 782 234 844 Hoc
257 794 307 843 est
329 802 411 863 opus
430 782 463 844 in
482 781 545 847 {ide
564 782 695 859 fectum,
716 804 780 867 quo
801 782 904 845 eclent
916 782 1041 867 ¹gaude-

103 904 127 948 ts
141 883 277 969 angeli,
305 877 399 948 etiam
419 885 454 951 in
473 886 585 963 nobis,
609 885 737 971 quaudo
758 904 864 946 eumue
883 883 919 947 in
939 884 1038 946 officia

100 1000 230 1069 etcpere
249 986 443 1051 Christiano.
464 990 515 1051 At
534 989 594 1052 hoc
614 987 932 1071 collataPapietaru'm
953 985 1038 1067 justi-

96 1089 176 1151 tiset
202 1088 387 1153 obedientia
414 1109 480 1151 nass
507 1090 609 1155 eclam
630 1089 834 1165 obscuratur,
865 1089 922 1152 aad
949 1087 1038 1164 foede

87 1212 212 1277 prorsus
242 1206 277 1255 et
305 1192 522 1255 abominabilia
558 1192 694 1265 ridetur,
730 1190 806 1271 quia
832 1203 905 1253 sunt
930 1191 1037 1263 carnia

85 1294 227 1359 steatitis.
241 1294 448 1383 .Sicutreges
465 1309 496 1359 et
516 1286 633 1379 pepuli
650 1292 740 1355 multi
754 1295 929 1379 exemplum
940 1293 1036 1357 Abra-

77 1396 134 1463 bae
154 1396 276 1459 imitati
297 1408 386 1466 sant:
407 1398 463 1465 ,sed
478 1409 683 1484 pecasrertrnt
702 1397 849 1491 graviter,
869 1398 928 1471 aec
947 1394 1035 1460 intel·

76 1498 223 1565 laxarunt
246 1518 354 1561 reram
375 1497 651 1575 perticationes».
666 1512 704 1569 :fi
735 1534 760 1571 ;·.

156 1600 275 1665 Exstat
296 1601 430 1667 historia
448 1602 482 1664 in
505 1603 578 1665 ritis
598 1603 780 1671 Parum-rt·
801 1606 937 1690 quodem
957 1602 1033 1675 Ere».

78 1704 170 1779 nisa,
190 1705 252 1788 qui
273 1726 347 1768 acm
367 1704 464 1769 unico
484 1703 550 1770 filie
570 1705 721 1772 mundam
740 1707 905 1771 relicturus
924 1706 960 1770 ia
981 1706 1031 1769 dc·

82 1818 191 1869 smum
214 1818 430 1871 concesserat:
457 1806 503 1871 ibi
532 1830 603 1871 cum
624 1832 704 1896 puer
723 1810 820 1887 fleret,
840 1808 942 1882 valuit
961 1830 1052 1873 eum.

87 1908 118 1971 in
140 1910 281 1972 ricinum
308 1909 431 1972 'flumen
466 1912 619 1997 conjicere
653 1927 683 1976 et
712 1915 919 1998 submergere.
960 1913 1031 1977 Hc'c

88 2034 157 2094 cprs
174 2012 348 2099 magnifice
365 2013 497 2077 efferunt
516 2029 547 2079 et
561 2018 712 2079 extollunt
721 2017 886 2095 Monachi,
906 2030 938 2079 ct
957 2038 1029 2098 ope·

80 2114 108 2175 ri
124 2112 274 2179 Abrahae
295 2119 506 2202 aequiparent.
549 2120 762 2203 serraquae
783 2133 830 2182 est
848 2120 939 2202 operi
959 2118 1029 2181 Dia-

79 2215 142 2277 toti
161 2217 197 2277 in
220 2218 389 2297 Paradiao,
418 2235 449 2284 et
469 2222 497 2285 ei
518 2224 681 2287 cecidisset
700 2222 820 2299 filium,
846 2220 956 2293 fuisset
975 2220 1030 2281 ho·

79 2318 211 2395 micitia,
242 2336 275 2385 et
304 2326 485 2409 quicunque
512 2326 566 2389 elii
593 2328 660 2411 ejus
688 2327 861 2411 exemplum
889 2346 1028 2408 unquam

82 2421 174 2484 secuti
196 2438 310 2501 esseut,
330 2442 386 2489 aut
405 2427 640 2509 approbassent.
661 2429 756 2499 Ratio
777 2429 853 2491 haec
864 2442 923 2491 eet:
947 2427 1028 2512 Quis

82 2524 143 2587 eine
162 2525 262 2587 verbo
284 2530 374 2592 nulla
395 2530 648 2603 obedientisDec
667 2530 778 2613 piacet.
801 2530 864 2607 Sed
874 2530 1027 2617 Papistee,

85 2627 252 2689 secerdotes
279 2630 330 2693 illi
357 2632 452 2709 Baal‚
481 2633 563 2699 hanc
589 2634 741 2699 rationem
769 2657 832 2699 non
860 2634 1025 2716 ascipiunt.

85 2730 133 2791 sed
152 2731 358 2811 pertinaciter
375 2735 553 2812 reclamant,
574 2758 631 2805 cce
651 2738 798 2801 damnare
816 2739 900 2811 boue
917 2760 1023 2823 opera.

86 2834 173 2916 Atqui
192 2834 316 2896 bonum
337 2857 417 2917 cpue
439 2859 506 2899 esse
525 2839 606 2901 illud
625 2861 684 2902 nce
703 2834 921 2915 affirmamus‚'
938 2841 1025 2923 quod

87 2932 112 2994 fir
129 2935 163 2997 in
182 2932 247 2998 fide
267 2950 300 3001 et
319 2938 497 3003 obedientia
517 2940 577 3003 Dei
597 2942 637 3003 ab
658 2965 707 3019 ec,
727 2948 783 3029 qui
803 2947 902 3009 eredit
922 2946 1023 3011 Decet

88 3049 267 3114 creatorem,
298 3055 482 3107 servatorem
509 3054 540 3109 et
566 3047 801 3125 resuscitantem
831 3071 851 3112 a
880 3047 1022 3110 mortuis.

84 3139 104 3201 E
124 3157 236 3205 contra
256 3142 451 3222 Meneclem,
473 3147 616 3217 sacerdos
636 3149 723 3223 Bari,
744 3150 858 3225 Tusca,
879 3150 1021 3228 Iudaeus,

82 3264 148 3307 aum
176 3247 298 3310 incedit
323 3247 357 3309 in
383 3249 558 3313 ohedientia
583 3249 668 3313 Dei?
696 3252 919 3337 Nequaquam:
946 3253 1022 3338 quis

77 3348 194 3410 callum
216 3350 396 3416 mandatam
417 3353 476 3416 Dei
495 3353 596 3417 habet.

149 3450 204 3515 Sic
225 3453 331 3516 Achae
350 3478 498 3541 magnum
515 3478 595 3540 opus
615 3456 700 3533 facit,
722 3457 776 3520 sed
797 3470 902 3521 contre
916 3456 1019 3520 Densa

76 3568 99 3619 et
118 3558 188 3642 ejus
211 3558 352 3623 verbum.
394 3560 468 3624 ldee
496 3574 577 3623 recte
598 3560 739 3624 Micheas
758 3564 788 3629 6.
809 3570 854 3638 (r.
875 3565 922 3635 7.)
943 3561 1018 3625 dici·
