2182 4050
420 172 593 258 generis.
711 194 719 205 ²
913 155 975 257 249
1045 116 1059 128 ‘·

35 370 38 375 .
112 317 277 384 Discsmus
297 318 410 405 igitur,
430 336 465 386 ut
484 322 628 394 historias
647 319 892 384 Potriercharom
913 330 976 381 sm·

26 421 208 507 plidcemus
236 436 266 487 ct
285 425 477 507 illustremus
503 426 648 490 adversus
669 436 812 506 portenta
833 421 976 524 hypocri-

24 539 136 591 tarum
163 540 194 590 et
214 512 462 608 Monacdorum,
489 528 546 614 qui
566 527 687 601 dicuat,
717 540 782 590 etse
808 525 902 589 eitam
923 543 975 587 ro-

25 630 211 716 luptuossm
238 632 350 697 habere
378 655 506 698 uxorem
533 644 564 694 et
592 629 724 694 liberos:
753 641 782 692 et
808 629 879 694 ideo
908 628 990 721 uon*

24 754 127 818 posse
155 733 334 819 religiosam
361 749 414 799 eut
434 747 570 801 sancum
590 755 667 797 esse.
708 730 789 797 Vide
809 733 910 806 euim,
938 753 978 794 su

10 822 99 901 ¹stou
120 858 227 900 omnes
248 837 426 903 occasiones
447 835 557 926 gaudii
575 847 606 899 et
619 833 788 918 voluptatis
802 835 989 919 corporalis·

29 940 118 1005 Isaac
136 941 291 1025 praecisae
311 926 382 1020 sint,
401 964 474 1005 cum
493 938 627 1002 incertus
641 948 720 1000 esset
731 937 863 1021 singulis
879 937 990 1014 horis„
1022 990 1025 995 .
1062 934 1065 939 ’

30 1043 93 1107 ubi
112 1032 224 1128 pedam
244 1042 380 1132 figeret?
419 1043 489 1106 Hoo
509 1040 614 1105 nuilus
632 1041 859 1106 Monaohorum
878 1027 979 1103 diuite·¹

31 1147 132 1212 bitur.
152 1145 219 1211 lmo
239 1147 300 1232 ipsi
320 1145 532 1237 terebratum
552 1142 646 1206 vitem
665 1143 700 1205 iu
720 1143 780 1207 hoc
794 1138 915 1207 'mundo
937 1136 980 1206 ii-

34 1263 125 1327 emst,
140 1259 175 1323 ‚et
195 1251 320 1334 plenam
340 1246 570 1333 voluptatibus,
588 1245 705 1309 habent
723 1244 836 1313 domos
857 1246 979 1324 electus,

36 1346 112 1414 suut
131 1351 189 1413 sub
210 1351 305 1415 tutela
325 1352 437 1438 Papus,
458 1363 489 1414 et
509 1347 708 1413 dominantur
728 1345 798 1409 orbi
817 1360 979 1411 terrarum.

118 1452 191 1515 ldeo
218 1453 277 1517 ista
307 1451 517 1542 peregrinatio
549 1447 633 1513 Isaeo
670 1446 835 1514 coufirndit
869 1472 979 1517 omnes
1009 1458 1013 1487 '·
1056 1514 1061 1529 ,

10 1553 207 1643 -seligioues
227 1555 440 1640 Papiatarum,
472 1566 502 1619 et
522 1552 623 1640 fulget
641 1552 676 1616 iu
696 1574 735 1619 eo
755 1574 894 1623 summus
915 1556 981 1616 cul·

36 1640 108 1736 tus',
137 1658 193 1742 'qui
211 1669 258 1720 est
275 1654 352 1723 fides
377 1657 410 1721 in
431 1658 542 1721 Deum.
582 1654 803 1747 peregrinatur
823 1676 895 1720 aum
915 1667 982 1718 tota

39 1760 176 1836 familis,
204 1758 380 1823 nechabet
407 1760 578 1844 hospitium
606 1771 742 1836 eertum,
771 1779 835 1821 uon
855 1778 982 1849 pascua,

37 1885 106 1929 uon
127 1862 282 1949 guttulam
309 1883 416 1944 aquae.
458 1863 524 1929 Ubi
549 1861 762 1953 recipiam?
757 1861 873 1925 dicem
892 1859 982 1922 alius.

40 1965 250 2045 Respondet).
271 1962 406 2028 Credo'
394 1986 430 2026 tn
450 1964 552 2029 Deum
573 1978 700 2048 petrem.
721 1959 775 2025 Sic
794 1963 881 2025 enim
898 1965 983 2029 leuse

41 2066 204 2151 cogitarit.
236 2065 320 2129 Deos
346 2066 521 2146 providebit
548 2068 624 2129 mihi
651 2050 841 2147 hospitium
847 2060 985 2150 peregri·

42 2166 146 2240 uenti,
176 2164 264 2229 debit
284 2190 399 2251 pascua
417 2169 603 2253 pecoribus,
634 2160 753 2232 curabit
781 2160 971 2234 familii'e
945 2191 985 2233 os-

40 2269 120 2333 bum
142 2282 171 2330 et
190 2282 309 2351 potum.
331 2270 376 2332 lbi
397 2271 474 2336 vivit
492 2271 575 2339 lesse
595 2270 629 2332 in
650 2270 832 2352 quotidiano
852 2283 883 2335 et
897 2272 986 2335 aum·

43 2393 98 2437 mo
120 2367 270 2434 “orificio
290 2369 372 2453 fidei,
392 2397 429 2440 ao
449 2357 522 2438 risit
541 2372 573 2435 in
594 2371 712 2437 mundo
734 2371 800 2436 siue
819 2373 935 2438 muodo
956 2387 986 2437 at
1062 2388 1067 2401 “

42 2485 129 2537 extre
150 2474 312 2543 mundum.

54 2602 58 2607 ·
125 2565 212 2639 Hauc
230 2575 343 2650 fidam,
364 2594 442 2660 quse
462 2575 591 2638 maxima
612 2588 657 2639 est
677 2574 713 2640 ie
733 2575 894 2653 Patribus,
920 2552 986 2639 situ

41 2674 154 2745 curam
173 2679 278 2763 impit3
300 2689 421 2743 tentum
441 2677 611 2760 respiciunt
630 2674 671 2741 sd
688 2675 881 2759 uxorculam,
901 2675 988 2739 fami-

41 2782 132 2856 liam,
152 2780 296 2865 pecudes.
326 2780 440 2845 Fidem
460 2789 684 2855 conseruent,
706 2799 786 2865 quac
805 2781 862 2844 iata
884 2778 989 2843 omnis

41 2895 196 2946 sustentet
215 2893 245 2946 et
270 2894 440 2946 conservet.
482 2879 600 2945 Nostro
627 2894 768 2965 tempore
797 2882 917 2965 siquis
945 2882 990 2945 its

39 2998 228 3073 vagaretur,
257 3005 322 3047 nou
348 2997 454 3069 posset
482 2981 595 3046 habere
620 2981 755 3047 famulos
774 2998 827 3049 aut
847 2982 990 3062 famulus,

43 3111 129 3174 quse
149 3098 353 3172 sequerentur
370 3083 631 3172 peregrinantem.
662 3082 725 3149 Sed
744 3081 820 3147 fides
839 3082 913 3149 fecit
932 3085 991 3151 mi

42 3189 164 3266 recula,
176 3187 292 3264 efficit,
319 3197 355 3249 ut
374 3185 489 3250 frmilia
508 3200 607 3250 tantus
627 3184 835 3264 calamitates,
860 3186 991 3257 ‚tribulu-

45 3292 150 3355 tiouas
178 3304 208 3355 st
228 3289 393 3373 penuriam
413 3309 514 3375 aequo
535 3289 639 3353 snimo
659 3284 755 3364 ferat,
786 3302 817 3352 et
843 3280 992 3373 praebeat

45 3415 81 3457 se
102 3393 288 3477 morigeram
308 3392 342 3454 iu
362 3390 455 3454 rebus
476 3378 631 3457 omuibus.
671 3386 745 3477 Ego
766 3411 842 3455 sane
861 3392 940 3455 tales
960 3405 993 3456 et

40 3497 112 3561 'tsm
132 3494 252 3579 probos
273 3491 405 3556 famulos
425 3512 491 3561 nou
504 3512 627 3575 possam
643 3489 812 3581 acquirere,
833 3494 905 3574 quia
926 3513 992 3560 nou

35 3600 148 3705 ‚isphw
170 3611 286 3665 turum
307 3594 407 3663 fidem.
427 3579 544 3678 Nequi,
561 3594 645 3657 ullus
664 3614 701 3661 cr
721 3593 836 3661 sanctis
855 3594 889 3658 ia
909 3597 991 3661 sero'
