<?xml version="1.0" encoding="UTF-8"?>
<!DOCTYPE html PUBLIC "-//W3C//DTD XHTML 1.0 Transitional//EN"
    "http://www.w3.org/TR/xhtml1/DTD/xhtml1-transitional.dtd">
<html xmlns="http://www.w3.org/1999/xhtml" xml:lang="en" lang="en">
 <head>
  <title>
</title>
<meta http-equiv="Content-Type" content="text/html;charset=utf-8" />
  <meta name='ocr-system' content='tesseract 3.04.00' />
  <meta name='ocr-capabilities' content='ocr_page ocr_carea ocr_par ocr_line ocrx_word'/>
</head>
<body>
  <div class='ocr_page' id='page_1' title='image "./exegeticaoperal03luthgoog_0133.png"; bbox 0 0 2250 4064; ppageno 0'>
   <div class='ocr_carea' id='block_1_1' title="bbox 115 134 953 257">
    <p class='ocr_par' dir='ltr' id='par_1_1' title="bbox 115 134 953 257">
     <span class='ocr_line' id='line_1_1' title="bbox 115 134 953 257; baseline -0.002 -36"><span class='ocrx_word' id='word_1_1' title='bbox 115 134 173 222; x_wconf 64' lang='lat' dir='ltr'>lid</span> <span class='ocrx_word' id='word_1_2' title='bbox 272 152 879 257; x_wconf 43' lang='lat' dir='ltr'>&#39;Vigesimumprimumcaput</span> <span class='ocrx_word' id='word_1_3' title='bbox 950 152 953 163; x_wconf 86' lang='lat'>&#39;</span> 
     </span>
    </p>
   </div>
   <div class='ocr_carea' id='block_1_2' title="bbox 32 290 1054 3674">
    <p class='ocr_par' dir='ltr' id='par_1_2' title="bbox 32 290 1054 3674">
     <span class='ocr_line' id='line_1_2' title="bbox 111 290 1054 391; baseline 0.005 -23"><span class='ocrx_word' id='word_1_4' title='bbox 111 304 289 391; x_wconf 78' lang='lat' dir='ltr'>missionem</span> <span class='ocrx_word' id='word_1_5' title='bbox 310 306 349 389; x_wconf 84' lang='lat' dir='ltr'>de</span> <span class='ocrx_word' id='word_1_6' title='bbox 369 302 498 369; x_wconf 87' lang='lat' dir='ltr'>Christo</span> <span class='ocrx_word' id='word_1_7' title='bbox 520 290 617 367; x_wconf 50' lang='lat' dir='ltr'>&#39;nemo</span> <span class='ocrx_word' id='word_1_8' title='bbox 638 307 736 389; x_wconf 81' lang='lat' dir='ltr'>possit</span> <span class='ocrx_word' id='word_1_9' title='bbox 756 294 877 389; x_wconf 78' lang='lat' dir='ltr'>selrari.</span> <span class='ocrx_word' id='word_1_10' title='bbox 923 306 1054 373; x_wconf 81' lang='lat' dir='ltr'><strong>Stultum</strong></span> 
     </span>
     <span class='ocr_line' id='line_1_3' title="bbox 111 406 1053 497; baseline 0.001 -24"><span class='ocrx_word' id='word_1_11' title='bbox 111 406 211 497; x_wconf 56' lang='lat' dir='ltr'>igitur</span> <span class='ocrx_word' id='word_1_12' title='bbox 230 420 293 484; x_wconf 89' lang='lat' dir='ltr'>est,</span> <span class='ocrx_word' id='word_1_13' title='bbox 321 409 405 491; x_wconf 89' lang='lat' dir='ltr'>quod</span> <span class='ocrx_word' id='word_1_14' title='bbox 427 408 570 491; x_wconf 86' lang='lat' dir='ltr'>Papietae</span> <span class='ocrx_word' id='word_1_15' title='bbox 591 430 623 469; x_wconf 88' lang='lat' dir='ltr'>se</span> <span class='ocrx_word' id='word_1_16' title='bbox 644 408 806 469; x_wconf 75' lang='lat' dir='ltr'><strong>eccleciam</strong></span> <span class='ocrx_word' id='word_1_17' title='bbox 828 430 896 472; x_wconf 90' lang='lat' dir='ltr'>esse</span> <span class='ocrx_word' id='word_1_18' title='bbox 917 411 1053 473; x_wconf 65' lang='lat' dir='ltr'>clamanti·</span> 
     </span>
     <span class='ocr_line' id='line_1_4' title="bbox 111 510 1053 593; baseline 0 -16"><span class='ocrx_word' id='word_1_19' title='bbox 111 510 253 577; x_wconf 75' lang='lat' dir='ltr'>Ecclesia</span> <span class='ocrx_word' id='word_1_20' title='bbox 274 511 355 573; x_wconf 85' lang='lat' dir='ltr'>enirn</span> <span class='ocrx_word' id='word_1_21' title='bbox 383 532 445 572; x_wconf 89' lang='lat' dir='ltr'>non</span> <span class='ocrx_word' id='word_1_22' title='bbox 467 526 512 572; x_wconf 87' lang='lat' dir='ltr'>est</span> <span class='ocrx_word' id='word_1_23' title='bbox 532 513 671 593; x_wconf 88' lang='lat' dir='ltr'>populus&#39;</span> <span class='ocrx_word' id='word_1_24' title='bbox 698 510 904 575; x_wconf 87' lang='lat' dir='ltr'>aestimandus</span> <span class='ocrx_word' id='word_1_25' title='bbox 925 536 962 575; x_wconf 85' lang='lat' dir='ltr'>ex</span> <span class='ocrx_word' id='word_1_26' title='bbox 983 514 1053 578; x_wconf 88' lang='lat' dir='ltr'>mal·</span> 
     </span>
     <span class='ocr_line' id='line_1_5' title="bbox 111 604 1052 699; baseline 0.003 -23"><span class='ocrx_word' id='word_1_27' title='bbox 111 612 254 687; x_wconf 75' lang='lat' dir='ltr'>titudine,</span> <span class='ocrx_word' id='word_1_28' title='bbox 276 613 501 696; x_wconf 77' lang='lat' dir='ltr'><strong>magnitudine,</strong></span> <span class='ocrx_word' id='word_1_29' title='bbox 523 614 693 695; x_wconf 88' lang='lat' dir='ltr'>sapientia,</span> <span class='ocrx_word' id='word_1_30' title='bbox 714 614 862 697; x_wconf 89' lang='lat' dir='ltr'>potentis,</span> <span class='ocrx_word' id='word_1_31' title='bbox 884 604 1052 699; x_wconf 86' lang='lat' dir='ltr'>opulentia,</span> 
     </span>
     <span class='ocr_line' id='line_1_6' title="bbox 35 713 1052 809; baseline 0.004 -28"><span class='ocrx_word' id='word_1_32' title='bbox 35 791 42 809; x_wconf 40' lang='grc' dir='ltr'><em>Ι</em></span> <span class='ocrx_word' id='word_1_33' title='bbox 112 717 286 802; x_wconf 83' lang='lat' dir='ltr'>dignitate,</span> <span class='ocrx_word' id='word_1_34' title='bbox 307 713 517 789; x_wconf 89' lang='lat' dir='ltr'>successione,</span> <span class='ocrx_word' id='word_1_35' title='bbox 539 716 637 778; x_wconf 84' lang='lat' dir='ltr'>officio</span> <span class='ocrx_word' id='word_1_36' title='bbox 659 730 733 790; x_wconf 85' lang='lat' dir='ltr'>etc,</span> <span class='ocrx_word' id='word_1_37' title='bbox 762 717 862 779; x_wconf 91' lang='lat' dir='ltr'>multo</span> <span class='ocrx_word' id='word_1_38' title='bbox 892 718 998 782; x_wconf 87' lang='lat' dir='ltr'>miuus</span> <span class='ocrx_word' id='word_1_39' title='bbox 1024 728 1052 785; x_wconf 85' lang='lat' dir='ltr'>er&#39;</span> 
     </span>
     <span class='ocr_line' id='line_1_7' title="bbox 111 816 1051 903; baseline 0.002 -19"><span class='ocrx_word' id='word_1_40' title='bbox 111 816 254 885; x_wconf 86' lang='lat' dir='ltr'>electitiis</span> <span class='ocrx_word' id='word_1_41' title='bbox 276 818 427 895; x_wconf 84' lang='lat' dir='ltr'>cultibus3</span> <span class='ocrx_word' id='word_1_42' title='bbox 457 818 512 878; x_wconf 83' lang='lat' dir='ltr'>sed</span> <span class='ocrx_word' id='word_1_43' title='bbox 544 832 589 879; x_wconf 87' lang='lat' dir='ltr'>ese</span> <span class='ocrx_word' id='word_1_44' title='bbox 608 820 746 903; x_wconf 89' lang='lat' dir='ltr'>populus</span> <span class='ocrx_word' id='word_1_45' title='bbox 766 818 1007 903; x_wconf 72' lang='lat' dir='ltr'>promissionis,</span> <span class='ocrx_word' id='word_1_46' title='bbox 1025 822 1051 887; x_wconf 84' lang='lat' dir='ltr'>it</span> 
     </span>
     <span class='ocr_line' id='line_1_8' title="bbox 111 921 559 1007; baseline -0.002 -26"><span class='ocrx_word' id='word_1_47' title='bbox 111 936 178 999; x_wconf 81' lang='lat' dir='ltr'>est,</span> <span class='ocrx_word' id='word_1_48' title='bbox 199 921 398 1007; x_wconf 83' lang='lat' dir='ltr'>promissioni</span> <span class='ocrx_word' id='word_1_49' title='bbox 423 922 559 983; x_wconf 81' lang='lat' dir='ltr'>credens.</span> 
     </span>
     <span class='ocr_line' id='line_1_9' title="bbox 113 1014 1050 1109; baseline 0.006 -28"><span class='ocrx_word' id='word_1_50' title='bbox 113 1025 116 1033; x_wconf 88' lang='lat'>&#39;</span> <span class='ocrx_word' id='word_1_51' title='bbox 159 1076 163 1081; x_wconf 91' lang='lat'>.</span> <span class='ocrx_word' id='word_1_52' title='bbox 191 1014 327 1109; x_wconf 75' lang='lat' dir='ltr'>Quando</span> <span class='ocrx_word' id='word_1_53' title='bbox 349 1022 448 1106; x_wconf 84' lang='lat' dir='ltr'>igitur</span> <span class='ocrx_word' id='word_1_54' title='bbox 467 1022 588 1085; x_wconf 77' lang='lat' dir='ltr'>dicante</span> <span class='ocrx_word' id='word_1_55' title='bbox 610 1022 699 1106; x_wconf 87' lang='lat' dir='ltr'>Papa</span> <span class='ocrx_word' id='word_1_56' title='bbox 718 1035 765 1085; x_wconf 89' lang='lat' dir='ltr'>ert</span> <span class='ocrx_word' id='word_1_57' title='bbox 785 1035 881 1106; x_wconf 88' lang='lat' dir='ltr'>caput</span> <span class='ocrx_word' id='word_1_58' title='bbox 895 1025 1050 1099; x_wconf 83' lang='lat' dir='ltr'>ecclesise3</span> 
     </span>
     <span class='ocr_line' id='line_1_10' title="bbox 109 1125 1050 1215; baseline -0.002 -24"><span class='ocrx_word' id='word_1_59' title='bbox 109 1127 219 1215; x_wconf 76' lang='lat' dir='ltr'>igitur,</span> <span class='ocrx_word' id='word_1_60' title='bbox 241 1125 393 1210; x_wconf 87' lang='lat' dir='ltr'>quicquid</span> <span class='ocrx_word' id='word_1_61' title='bbox 413 1126 576 1209; x_wconf 73' lang='lat' dir='ltr'>praecipit,</span> <span class='ocrx_word' id='word_1_62' title='bbox 598 1127 735 1189; x_wconf 82' lang='lat' dir='ltr'>divinum</span> <span class='ocrx_word' id='word_1_63' title='bbox 757 1140 813 1201; x_wconf 89' lang='lat' dir='ltr'>est,</span> <span class='ocrx_word' id='word_1_64' title='bbox 834 1148 915 1212; x_wconf 85' lang='lat' dir='ltr'>aega</span> <span class='ocrx_word' id='word_1_65' title='bbox 933 1141 971 1190; x_wconf 93' lang='lat' dir='ltr'>tu</span> <span class='ocrx_word' id='word_1_66' title='bbox 988 1149 1050 1191; x_wconf 90' lang='lat' dir='ltr'>coa-</span> 
     </span>
     <span class='ocr_line' id='line_1_11' title="bbox 110 1226 1050 1321; baseline -0.003 -27"><span class='ocrx_word' id='word_1_67' title='bbox 110 1231 311 1321; x_wconf 77' lang='lat' dir='ltr'>sequentiam,</span> <span class='ocrx_word' id='word_1_68' title='bbox 334 1227 409 1309; x_wconf 84' lang='lat' dir='ltr'>quia</span> <span class='ocrx_word' id='word_1_69' title='bbox 428 1226 514 1309; x_wconf 86' lang='lat' dir='ltr'>Papa</span> <span class='ocrx_word' id='word_1_70' title='bbox 535 1229 611 1289; x_wconf 85' lang='lat' dir='ltr'>nihil</span> <span class='ocrx_word' id='word_1_71' title='bbox 632 1250 735 1313; x_wconf 81' lang='lat' dir='ltr'>neque</span> <span class='ocrx_word' id='word_1_72' title='bbox 756 1229 823 1304; x_wconf 84' lang='lat' dir='ltr'>scir,</span> <span class='ocrx_word' id='word_1_73' title='bbox 843 1251 951 1311; x_wconf 88' lang='lat' dir='ltr'>neque</span> <span class='ocrx_word' id='word_1_74' title='bbox 971 1230 1050 1293; x_wconf 86' lang='lat' dir='ltr'>iutel-</span> 
     </span>
     <span class='ocr_line' id='line_1_12' title="bbox 44 1330 1049 1425; baseline -0.003 -27"><span class='ocrx_word' id='word_1_75' title='bbox 44 1339 53 1355; x_wconf 86' lang='lat'>&#39;&#39;</span> <span class='ocrx_word' id='word_1_76' title='bbox 109 1336 181 1425; x_wconf 81' lang='lat' dir='ltr'>tigit</span> <span class='ocrx_word' id='word_1_77' title='bbox 202 1334 239 1397; x_wconf 89' lang='lat' dir='ltr'>de</span> <span class='ocrx_word' id='word_1_78' title='bbox 262 1330 415 1411; x_wconf 87' lang='lat' dir='ltr'>scriptura</span> <span class='ocrx_word' id='word_1_79' title='bbox 432 1338 563 1406; x_wconf 88' lang='lat' dir='ltr'>&#39;sancta,</span> <span class='ocrx_word' id='word_1_80' title='bbox 588 1332 687 1393; x_wconf 91' lang='lat' dir='ltr'>multo</span> <span class='ocrx_word' id='word_1_81' title='bbox 716 1332 818 1394; x_wconf 88' lang='lat' dir='ltr'>minus</span> <span class='ocrx_word' id='word_1_82' title='bbox 848 1334 960 1395; x_wconf 88' lang='lat' dir='ltr'>credit.</span> <span class='ocrx_word' id='word_1_83' title='bbox 1001 1334 1049 1397; x_wconf 87' lang='lat' dir='ltr'>Est</span> 
     </span>
     <span class='ocr_line' id='line_1_13' title="bbox 109 1432 1049 1527; baseline 0.002 -32"><span class='ocrx_word' id='word_1_84' title='bbox 109 1436 196 1527; x_wconf 71' lang='lat' dir='ltr'>la&#39;rva</span> <span class='ocrx_word' id='word_1_85' title='bbox 218 1433 369 1517; x_wconf 85' lang='lat' dir='ltr'>quaedam</span> <span class='ocrx_word' id='word_1_86' title='bbox 391 1432 545 1507; x_wconf 88' lang='lat' dir='ltr'>ecclesiae,</span> <span class='ocrx_word' id='word_1_87' title='bbox 567 1456 630 1495; x_wconf 92' lang='lat' dir='ltr'>nou</span> <span class='ocrx_word' id='word_1_88' title='bbox 651 1435 789 1508; x_wconf 89' lang='lat' dir='ltr'>ecclesia,</span> <span class='ocrx_word' id='word_1_89' title='bbox 809 1432 874 1495; x_wconf 82' lang='lat' dir='ltr'>iuro</span> <span class='ocrx_word' id='word_1_90' title='bbox 892 1434 1049 1519; x_wconf 72' lang='lat' dir='ltr'>impugant</span> 
     </span>
     <span class='ocr_line' id='line_1_14' title="bbox 109 1534 1049 1622; baseline -0.002 -23"><span class='ocrx_word' id='word_1_91' title='bbox 109 1538 142 1604; x_wconf 71' lang='lat' dir='ltr'>dt</span> <span class='ocrx_word' id='word_1_92' title='bbox 161 1537 359 1622; x_wconf 78' lang='lat' dir='ltr'>persequitur</span> <span class='ocrx_word' id='word_1_93' title='bbox 380 1534 555 1610; x_wconf 88' lang='lat' dir='ltr'>ecclesiam,</span> <span class='ocrx_word' id='word_1_94' title='bbox 585 1538 662 1600; x_wconf 91' lang='lat' dir='ltr'>sicut</span> <span class='ocrx_word' id='word_1_95' title='bbox 683 1540 760 1602; x_wconf 89' lang='lat' dir='ltr'>Caio</span> <span class='ocrx_word' id='word_1_96' title='bbox 782 1539 939 1613; x_wconf 76' lang='lat' dir='ltr'>Abelum,</span> <span class='ocrx_word' id='word_1_97' title='bbox 965 1538 1049 1622; x_wconf 81' lang='lat' dir='ltr'>idque</span> 
     </span>
     <span class='ocr_line' id='line_1_15' title="bbox 108 1633 1049 1733; baseline 0 -32"><span class='ocrx_word' id='word_1_98' title='bbox 108 1655 243 1733; x_wconf 70' lang='lat' dir='ltr'>prepter</span> <span class='ocrx_word' id='word_1_99' title='bbox 263 1636 518 1722; x_wconf 78' lang='lat' dir='ltr'>promissionem,</span> <span class='ocrx_word' id='word_1_100' title='bbox 545 1662 641 1721; x_wconf 74' lang='lat' dir='ltr'>quam</span> <span class='ocrx_word' id='word_1_101' title='bbox 663 1633 722 1703; x_wconf 91' lang='lat' dir='ltr'>sibi</span> <span class='ocrx_word' id='word_1_102' title='bbox 743 1640 905 1714; x_wconf 84' lang='lat' dir='ltr'>vendicat,</span> <span class='ocrx_word' id='word_1_103' title='bbox 939 1637 1049 1702; x_wconf 85' lang='lat' dir='ltr'>etiamsi</span> 
     </span>
     <span class='ocr_line' id='line_1_16' title="bbox 109 1738 1048 1823; baseline -0.004 -14"><span class='ocrx_word' id='word_1_104' title='bbox 109 1738 176 1809; x_wconf 78' lang='lat' dir='ltr'>uois</span> <span class='ocrx_word' id='word_1_105' title='bbox 198 1744 310 1805; x_wconf 91' lang='lat' dir='ltr'>credat.</span> <span class='ocrx_word' id='word_1_106' title='bbox 337 1741 438 1801; x_wconf 89' lang='lat' dir='ltr'>Nemo</span> <span class='ocrx_word' id='word_1_107' title='bbox 459 1740 559 1823; x_wconf 77' lang='lat' dir='ltr'>igitur</span> <span class='ocrx_word' id='word_1_108' title='bbox 578 1742 749 1823; x_wconf 83' lang='lat' dir='ltr'>splendidis</span> <span class='ocrx_word' id='word_1_109' title='bbox 770 1746 870 1807; x_wconf 86' lang='lat' dir='ltr'>titulis</span> <span class='ocrx_word' id='word_1_110' title='bbox 892 1744 1048 1809; x_wconf 82' lang='lat' dir='ltr'>successio·</span> 
     </span>
     <span class='ocr_line' id='line_1_17' title="bbox 108 1844 785 1929; baseline -0.001 -21"><span class='ocrx_word' id='word_1_111' title='bbox 108 1846 179 1929; x_wconf 79' lang='lat' dir='ltr'>mis,</span> <span class='ocrx_word' id='word_1_112' title='bbox 200 1844 383 1916; x_wconf 86' lang='lat' dir='ltr'>vocationis,</span> <span class='ocrx_word' id='word_1_113' title='bbox 406 1844 496 1904; x_wconf 82' lang='lat' dir='ltr'>cilicii</span> <span class='ocrx_word' id='word_1_114' title='bbox 516 1846 624 1906; x_wconf 90' lang='lat' dir='ltr'>terreri</span> <span class='ocrx_word' id='word_1_115' title='bbox 646 1869 677 1907; x_wconf 87' lang='lat' dir='ltr'>se</span> <span class='ocrx_word' id='word_1_116' title='bbox 699 1849 785 1908; x_wconf 90' lang='lat' dir='ltr'>sinat.</span> 
     </span>
     <span class='ocr_line' id='line_1_18' title="bbox 112 1944 1048 2027; baseline 0.004 -20"><span class='ocrx_word' id='word_1_117' title='bbox 112 1944 118 1975; x_wconf 78' lang='lat'><strong>³</strong></span> <span class='ocrx_word' id='word_1_118' title='bbox 151 1950 168 1977; x_wconf 90' lang='lat'>&#39;·</span> <span class='ocrx_word' id='word_1_119' title='bbox 189 1948 309 2008; x_wconf 79' lang='lat' dir='ltr'>&#39;l&#39;urcae</span> <span class='ocrx_word' id='word_1_120' title='bbox 331 1945 419 2007; x_wconf 88' lang='lat' dir='ltr'>etiam</span> <span class='ocrx_word' id='word_1_121' title='bbox 447 1944 638 2027; x_wconf 83' lang='lat' dir='ltr'>gloriantur,</span> <span class='ocrx_word' id='word_1_122' title='bbox 667 1971 699 2010; x_wconf 93' lang='lat' dir='ltr'>se</span> <span class='ocrx_word' id='word_1_123' title='bbox 720 1973 785 2012; x_wconf 88' lang='lat' dir='ltr'>esse</span> <span class='ocrx_word' id='word_1_124' title='bbox 807 1964 970 2014; x_wconf 90' lang='lat' dir='ltr'>creaturas</span> <span class='ocrx_word' id='word_1_125' title='bbox 989 1950 1048 2027; x_wconf 81' lang='lat' dir='ltr'>Dei,</span> 
     </span>
     <span class='ocr_line' id='line_1_19' title="bbox 109 2048 1047 2136; baseline 0.001 -24"><span class='ocrx_word' id='word_1_126' title='bbox 109 2067 141 2119; x_wconf 79' lang='lat' dir='ltr'>et</span> <span class='ocrx_word' id='word_1_127' title='bbox 160 2053 264 2136; x_wconf 88' lang='lat' dir='ltr'>jurant</span> <span class='ocrx_word' id='word_1_128' title='bbox 285 2068 341 2132; x_wconf 89' lang='lat' dir='ltr'>per</span> <span class='ocrx_word' id='word_1_129' title='bbox 361 2048 471 2119; x_wconf 90' lang='lat' dir='ltr'>Deum,</span> <span class='ocrx_word' id='word_1_130' title='bbox 494 2063 662 2111; x_wconf 77' lang='lat' dir='ltr'>creatorem</span> <span class='ocrx_word' id='word_1_131' title='bbox 685 2054 766 2114; x_wconf 90' lang='lat' dir='ltr'>coeli</span> <span class='ocrx_word' id='word_1_132' title='bbox 787 2066 818 2116; x_wconf 86' lang='lat' dir='ltr'>et</span> <span class='ocrx_word' id='word_1_133' title='bbox 837 2067 952 2115; x_wconf 89' lang='lat' dir='ltr'>terrae.</span> <span class='ocrx_word' id='word_1_134' title='bbox 975 2054 1047 2135; x_wconf 83' lang='lat' dir='ltr'>l&#39;sps</span> 
     </span>
     <span class='ocr_line' id='line_1_20' title="bbox 108 2146 1046 2243; baseline -0.002 -26"><span class='ocrx_word' id='word_1_135' title='bbox 108 2146 279 2243; x_wconf 83' lang='lat' dir='ltr'>gloriatur,</span> <span class='ocrx_word' id='word_1_136' title='bbox 307 2172 339 2211; x_wconf 90' lang='lat' dir='ltr'>sc</span> <span class='ocrx_word' id='word_1_137' title='bbox 360 2150 524 2211; x_wconf 89' lang='lat' dir='ltr'>credere&#39;</span> <span class='ocrx_word' id='word_1_138' title='bbox 514 2174 548 2211; x_wconf 85' lang='lat' dir='ltr'>ra</span> <span class='ocrx_word' id='word_1_139' title='bbox 570 2150 743 2228; x_wconf 88' lang='lat' dir='ltr'>Christum,</span> <span class='ocrx_word' id='word_1_140' title='bbox 775 2155 863 2236; x_wconf 83' lang='lat' dir='ltr'>quod</span> <span class='ocrx_word' id='word_1_141' title='bbox 893 2155 937 2216; x_wconf 90' lang='lat' dir='ltr'>sit</span> <span class='ocrx_word' id='word_1_142' title='bbox 957 2152 1046 2216; x_wconf 79' lang='lat' dir='ltr'>Filius</span> 
     </span>
     <span class='ocr_line' id='line_1_21' title="bbox 107 2252 1046 2339; baseline -0.004 -20"><span class='ocrx_word' id='word_1_143' title='bbox 107 2254 169 2323; x_wconf 87' lang='lat' dir='ltr'>Dei</span> <span class='ocrx_word' id='word_1_144' title='bbox 191 2268 221 2318; x_wconf 91' lang='lat' dir='ltr'>et</span> <span class='ocrx_word' id='word_1_145' title='bbox 241 2252 396 2315; x_wconf 85' lang='lat' dir='ltr'>redemtor</span> <span class='ocrx_word' id='word_1_146' title='bbox 413 2254 541 2331; x_wconf 82' lang='lat' dir='ltr'>mundi3</span> <span class='ocrx_word' id='word_1_147' title='bbox 563 2254 687 2316; x_wconf 90' lang='lat' dir='ltr'>interim</span> <span class='ocrx_word' id='word_1_148' title='bbox 707 2256 839 2317; x_wconf 85' lang='lat' dir='ltr'>instituit</span> <span class='ocrx_word' id='word_1_149' title='bbox 860 2256 1046 2339; x_wconf 76' lang='lat' dir='ltr'>mansonis,</span> 
     </span>
     <span class='ocr_line' id='line_1_22' title="bbox 108 2342 1045 2441; baseline -0.001 -21"><span class='ocrx_word' id='word_1_150' title='bbox 108 2342 226 2430; x_wconf 71' lang='lat' dir='ltr'>altasar,</span> <span class='ocrx_word' id='word_1_151' title='bbox 238 2354 373 2441; x_wconf 65' lang='lat' dir='ltr'>jejunia,</span> <span class='ocrx_word' id='word_1_152' title='bbox 396 2352 497 2416; x_wconf 89' lang='lat' dir='ltr'>cultus</span> <span class='ocrx_word' id='word_1_153' title='bbox 518 2369 695 2418; x_wconf 87' lang='lat' dir='ltr'>sanctorum</span> <span class='ocrx_word' id='word_1_154' title='bbox 717 2370 746 2417; x_wconf 89' lang='lat' dir='ltr'>et</span> <span class='ocrx_word' id='word_1_155' title='bbox 767 2356 899 2432; x_wconf 89' lang='lat' dir='ltr'>similia,</span> <span class='ocrx_word' id='word_1_156' title='bbox 920 2360 977 2421; x_wconf 87' lang='lat' dir='ltr'>sed</span> <span class='ocrx_word' id='word_1_157' title='bbox 994 2355 1045 2419; x_wconf 84' lang='lat' dir='ltr'>fra·</span> 
     </span>
     <span class='ocr_line' id='line_1_23' title="bbox 109 2442 1044 2541; baseline -0.005 -18"><span class='ocrx_word' id='word_1_158' title='bbox 109 2442 182 2529; x_wconf 76' lang='lat' dir='ltr'>stra.</span> <span class='ocrx_word' id='word_1_159' title='bbox 216 2458 295 2523; x_wconf 84' lang='lat' dir='ltr'>Sunt</span> <span class='ocrx_word' id='word_1_160' title='bbox 316 2457 399 2520; x_wconf 91' lang='lat' dir='ltr'>enim</span> <span class='ocrx_word' id='word_1_161' title='bbox 420 2478 516 2540; x_wconf 88' lang='lat' dir='ltr'>opera</span> <span class='ocrx_word' id='word_1_162' title='bbox 537 2459 703 2520; x_wconf 77' lang='lat' dir='ltr'>creationis</span> <span class='ocrx_word' id='word_1_163' title='bbox 723 2470 803 2533; x_wconf 89' lang='lat' dir='ltr'>tuae,</span> <span class='ocrx_word' id='word_1_164' title='bbox 826 2459 883 2541; x_wconf 92' lang='lat' dir='ltr'>qui</span> <span class='ocrx_word' id='word_1_165' title='bbox 906 2482 946 2522; x_wconf 85' lang='lat' dir='ltr'>ex</span> <span class='ocrx_word' id='word_1_166' title='bbox 966 2475 1044 2523; x_wconf 87' lang='lat' dir='ltr'>caras</span> 
     </span>
     <span class='ocr_line' id='line_1_24' title="bbox 108 2556 1044 2644; baseline -0.006 -15"><span class='ocrx_word' id='word_1_167' title='bbox 108 2566 143 2629; x_wconf 90' lang='lat' dir='ltr'>es&#39;</span> <span class='ocrx_word' id='word_1_168' title='bbox 181 2564 341 2635; x_wconf 83' lang='lat' dir='ltr'>conditus3</span> <span class='ocrx_word' id='word_1_169' title='bbox 376 2573 447 2623; x_wconf 89' lang='lat' dir='ltr'>suut</span> <span class='ocrx_word' id='word_1_170' title='bbox 473 2560 592 2622; x_wconf 80' lang='lat' dir='ltr'>fructus</span> <span class='ocrx_word' id='word_1_171' title='bbox 623 2560 745 2621; x_wconf 85' lang='lat' dir='ltr'>arboris</span> <span class='ocrx_word' id='word_1_172' title='bbox 782 2560 904 2621; x_wconf 90' lang='lat' dir='ltr'>malae·</span> <span class='ocrx_word' id='word_1_173' title='bbox 943 2556 1044 2644; x_wconf 79' lang='lat' dir='ltr'>quodsi</span> 
     </span>
     <span class='ocr_line' id='line_1_25' title="bbox 108 2642 1042 2749; baseline -0.009 -18"><span class='ocrx_word' id='word_1_174' title='bbox 108 2642 203 2731; x_wconf 59' lang='lat' dir='ltr'>sihor</span> <span class='ocrx_word' id='word_1_175' title='bbox 223 2664 314 2726; x_wconf 86' lang='lat' dir='ltr'>debet</span> <span class='ocrx_word' id='word_1_176' title='bbox 334 2660 417 2725; x_wconf 85' lang='lat' dir='ltr'>bona</span> <span class='ocrx_word' id='word_1_177' title='bbox 437 2660 525 2749; x_wconf 85' lang='lat' dir='ltr'>fieri,</span> <span class='ocrx_word' id='word_1_178' title='bbox 552 2674 675 2744; x_wconf 87' lang='lat' dir='ltr'>oportet</span> <span class='ocrx_word' id='word_1_179' title='bbox 695 2675 730 2722; x_wconf 89' lang='lat' dir='ltr'>ut</span> <span class='ocrx_word' id='word_1_180' title='bbox 749 2658 806 2722; x_wconf 89' lang='lat' dir='ltr'>fias</span> <span class='ocrx_word' id='word_1_181' title='bbox 826 2684 966 2743; x_wconf 85' lang='lat' dir='ltr'>persona</span> <span class='ocrx_word' id='word_1_182' title='bbox 984 2680 1042 2747; x_wconf 85' lang='lat' dir='ltr'>pro</span> 
     </span>
     <span class='ocr_line' id='line_1_26' title="bbox 107 2758 1041 2849; baseline -0.004 -21"><span class='ocrx_word' id='word_1_183' title='bbox 107 2758 283 2838; x_wconf 77' lang='lat' dir='ltr'>hiissiouis,</span> <span class='ocrx_word' id='word_1_184' title='bbox 303 2765 366 2825; x_wconf 92' lang='lat' dir='ltr'>hoc</span> <span class='ocrx_word' id='word_1_185' title='bbox 387 2778 449 2839; x_wconf 87' lang='lat' dir='ltr'>est,</span> <span class='ocrx_word' id='word_1_186' title='bbox 477 2778 513 2825; x_wconf 91' lang='lat' dir='ltr'>ut</span> <span class='ocrx_word' id='word_1_187' title='bbox 534 2765 665 2849; x_wconf 84' lang='lat' dir='ltr'>gratiam</span> <span class='ocrx_word' id='word_1_188' title='bbox 687 2764 901 2846; x_wconf 87' lang='lat' dir='ltr'>amplectaris,</span> <span class='ocrx_word' id='word_1_189' title='bbox 932 2780 963 2829; x_wconf 81' lang='lat' dir='ltr'>et</span> <span class='ocrx_word' id='word_1_190' title='bbox 988 2766 1041 2829; x_wconf 84' lang='lat' dir='ltr'>suls</span> 
     </span>
     <span class='ocr_line' id='line_1_27' title="bbox 107 2861 1041 2950; baseline -0.007 -14"><span class='ocrx_word' id='word_1_191' title='bbox 107 2861 216 2937; x_wconf 85' lang='lat' dir='ltr'>liitaris</span> <span class='ocrx_word' id='word_1_192' title='bbox 236 2866 464 2941; x_wconf 85' lang='lat' dir='ltr'>misericordia,</span> <span class='ocrx_word' id='word_1_193' title='bbox 493 2866 527 2925; x_wconf 85' lang='lat' dir='ltr'>id</span> <span class='ocrx_word' id='word_1_194' title='bbox 554 2867 641 2949; x_wconf 90' lang='lat' dir='ltr'>quod</span> <span class='ocrx_word' id='word_1_195' title='bbox 669 2864 737 2927; x_wconf 87' lang='lat' dir='ltr'>fieri</span> <span class='ocrx_word' id='word_1_196' title='bbox 757 2885 822 2926; x_wconf 90' lang='lat' dir='ltr'>non</span> <span class='ocrx_word' id='word_1_197' title='bbox 844 2880 969 2950; x_wconf 82' lang='lat' dir='ltr'>potest,</span> <span class='ocrx_word' id='word_1_198' title='bbox 995 2868 1041 2929; x_wconf 85' lang='grc' dir='ltr'>ιιίιΙ</span> 
     </span>
     <span class='ocr_line' id='line_1_28' title="bbox 32 2950 1040 3054; baseline -0.005 -16"><span class='ocrx_word' id='word_1_199' title='bbox 32 3040 39 3052; x_wconf 67' lang='grc'>,</span> <span class='ocrx_word' id='word_1_200' title='bbox 106 2950 237 3039; x_wconf 79' lang='lat' dir='ltr'>rdrlrum</span> <span class='ocrx_word' id='word_1_201' title='bbox 265 2968 483 3054; x_wconf 81' lang='lat' dir='ltr'>promissionis</span> <span class='ocrx_word' id='word_1_202' title='bbox 511 2964 571 3030; x_wconf 88' lang='lat' dir='ltr'>fido</span> <span class='ocrx_word' id='word_1_203' title='bbox 605 2968 826 3049; x_wconf 86' lang='lat' dir='ltr'>apprehendas.</span> <span class='ocrx_word' id='word_1_204' title='bbox 870 2968 983 3034; x_wconf 70' lang='lat' dir='ltr'>lamuel</span> <span class='ocrx_word' id='word_1_205' title='bbox 1009 2982 1040 3033; x_wconf 85' lang='lat' dir='ltr'>et</span> 
     </span>
     <span class='ocr_line' id='line_1_29' title="bbox 106 3067 1007 3144; baseline -0.013 -1"><span class='ocrx_word' id='word_1_206' title='bbox 106 3074 261 3143; x_wconf 80' lang='lat' dir='ltr'>r&#39;aaturalis¹</span> <span class='ocrx_word' id='word_1_207' title='bbox 276 3067 539 3144; x_wconf 73' lang='lat' dir='ltr'>Abrahae&#39;lilius,</span> <span class='ocrx_word' id='word_1_208' title='bbox 560 3083 711 3133; x_wconf 83' lang='lat' dir='ltr'>ettamen</span> <span class='ocrx_word' id='word_1_209' title='bbox 732 3092 796 3133; x_wconf 92' lang='lat' dir='ltr'>nou</span> <span class='ocrx_word' id='word_1_210' title='bbox 819 3081 865 3131; x_wconf 86' lang='lat' dir='ltr'>est</span> <span class='ocrx_word' id='word_1_211' title='bbox 885 3070 1007 3133; x_wconf 89' lang='lat' dir='ltr'>haeres.</span> 
     </span>
     <span class='ocr_line' id='line_1_30' title="bbox 187 3172 1039 3261; baseline -0.006 -21"><span class='ocrx_word' id='word_1_212' title='bbox 187 3179 257 3253; x_wconf 84' lang='lat' dir='ltr'>Hoc</span> <span class='ocrx_word' id='word_1_213' title='bbox 277 3186 492 3261; x_wconf 80' lang='lat' dir='ltr'>argumentum</span> <span class='ocrx_word' id='word_1_214' title='bbox 520 3172 582 3234; x_wconf 88' lang='lat' dir='ltr'>divi</span> <span class='ocrx_word' id='word_1_215' title='bbox 602 3173 694 3235; x_wconf 87' lang='lat' dir='ltr'>Pauli</span> <span class='ocrx_word' id='word_1_216' title='bbox 713 3185 775 3245; x_wconf 87' lang='lat' dir='ltr'>est,</span> <span class='ocrx_word' id='word_1_217' title='bbox 801 3193 857 3234; x_wconf 90' lang='lat' dir='ltr'>nec</span> <span class='ocrx_word' id='word_1_218' title='bbox 877 3172 1039 3257; x_wconf 85' lang='lat' dir='ltr'>poteritsl</span> 
     </span>
     <span class='ocr_line' id='line_1_31' title="bbox 105 3270 1038 3383; baseline -0.011 -36"><span class='ocrx_word' id='word_1_219' title='bbox 105 3270 175 3383; x_wconf 71' lang='lat' dir='ltr'>ullo</span> <span class='ocrx_word' id='word_1_220' title='bbox 196 3280 320 3357; x_wconf 83' lang='lat' dir='ltr'>homine</span> <span class='ocrx_word' id='word_1_221' title='bbox 342 3276 432 3341; x_wconf 81' lang='lat' dir='ltr'>solvi.</span> <span class='ocrx_word' id='word_1_222' title='bbox 471 3272 621 3338; x_wconf 83' lang='lat' dir='ltr'>Videmus</span> <span class='ocrx_word' id='word_1_223' title='bbox 642 3274 859 3357; x_wconf 84' lang='lat' dir='ltr'>palpabiliter,</span> <span class='ocrx_word' id='word_1_224' title='bbox 890 3279 980 3361; x_wconf 88' lang='lat' dir='ltr'>quud</span> <span class='ocrx_word' id='word_1_225' title='bbox 999 3278 1038 3341; x_wconf 87' lang='lat' dir='ltr'>Pa</span> 
     </span>
     <span class='ocr_line' id='line_1_32' title="bbox 122 3376 1038 3467; baseline -0.009 -17.921"><span class='ocrx_word' id='word_1_226' title='bbox 122 3380 205 3449; x_wconf 84' lang='lat' dir='ltr'>ist&#39;ie</span> <span class='ocrx_word' id='word_1_227' title='bbox 221 3378 443 3467; x_wconf 84' lang='lat' dir='ltr'>promissionis</span> <span class='ocrx_word' id='word_1_228' title='bbox 468 3376 552 3441; x_wconf 86' lang='lat' dir='ltr'>lilios</span> <span class='ocrx_word' id='word_1_229' title='bbox 572 3388 819 3460; x_wconf 81' lang='lat' dir='ltr'>persequuntur,</span> <span class='ocrx_word' id='word_1_230' title='bbox 840 3378 935 3445; x_wconf 86' lang='lat' dir='ltr'>sicut</span> <span class='ocrx_word' id='word_1_231' title='bbox 942 3380 1038 3443; x_wconf 82' lang='lat' dir='ltr'>lsmst</span> 
     </span>
     <span class='ocr_line' id='line_1_33' title="bbox 98 3378 1039 3573; baseline -0.015 -18"><span class='ocrx_word' id='word_1_232' title='bbox 98 3378 255 3555; x_wconf 58' lang='lat' dir='ltr'>leodii.</span> <span class='ocrx_word' id='word_1_233' title='bbox 276 3476 377 3546; x_wconf 75' lang='lat' dir='ltr'>Nisi·</span> <span class='ocrx_word' id='word_1_234' title='bbox 366 3482 465 3569; x_wconf 73' lang='lat' dir='ltr'>igitur</span> <span class='ocrx_word' id='word_1_235' title='bbox 483 3498 558 3543; x_wconf 82' lang='lat' dir='ltr'>rara</span> <span class='ocrx_word' id='word_1_236' title='bbox 577 3476 699 3554; x_wconf 84' lang='lat' dir='ltr'>fiducia,</span> <span class='ocrx_word' id='word_1_237' title='bbox 718 3488 814 3564; x_wconf 84' lang='lat' dir='ltr'>qham</span> <span class='ocrx_word' id='word_1_238' title='bbox 830 3490 1039 3573; x_wconf 79' lang='lat' dir='ltr'>conceperunt</span> 
     </span>
     <span class='ocr_line' id='line_1_34' title="bbox 105 3574 1039 3674; baseline -0.006 -19"><span class='ocrx_word' id='word_1_239' title='bbox 105 3574 328 3666; x_wconf 77' lang='lat' dir='ltr'>niortidcetur,¹</span> <span class='ocrx_word' id='word_1_240' title='bbox 351 3598 384 3653; x_wconf 85' lang='lat' dir='ltr'>et</span> <span class='ocrx_word' id='word_1_241' title='bbox 403 3584 592 3674; x_wconf 45' lang='lat' dir='ltr'>redigatis?</span> <span class='ocrx_word' id='word_1_242' title='bbox 581 3604 615 3649; x_wconf 85' lang='lat' dir='ltr'>au</span> <span class='ocrx_word' id='word_1_243' title='bbox 635 3582 787 3662; x_wconf 81' lang='lat' dir='ltr'>aihilum‘,</span> <span class='ocrx_word' id='word_1_244' title='bbox 803 3586 888 3649; x_wconf 74' lang='lat' dir='ltr'>surh</span> <span class='ocrx_word' id='word_1_245' title='bbox 909 3586 1039 3651; x_wconf 73' lang='lat' dir='ltr'>omnibu</span> 
     </span>
    </p>
   </div>
   <div class='ocr_carea' id='block_1_3' title="bbox 31 3672 1040 3836">
    <p class='ocr_par' dir='ltr' id='par_1_3' title="bbox 31 3672 1040 3836">
     <span class='ocr_line' id='line_1_35' title="bbox 31 3672 1040 3836; baseline 0 -83"><span class='ocrx_word' id='word_1_246' title='bbox 31 3672 161 3836; x_wconf 42' lang='grc' dir='ltr'><em>κ</em></span> <span class='ocrx_word' id='word_1_247' title='bbox 253 3754 327 3797; x_wconf 52' lang='lat'>„</span> <span class='ocrx_word' id='word_1_248' title='bbox 962 3688 1040 3753; x_wconf 59' lang='lat' dir='ltr'>„a</span> 
     </span>
    </p>
   </div>
   <div class='ocr_carea' id='block_1_4' title="bbox 0 0 1130 4064">
    <p class='ocr_par' dir='ltr' id='par_1_4' title="bbox 0 0 1130 4064">
     <span class='ocr_line' id='line_1_36' title="bbox 0 0 1130 4064; baseline 0 3"><span class='ocrx_word' id='word_1_249' title='bbox 0 0 1130 4064; x_wconf 95' lang='lat' dir='ltr'> </span> 
     </span>
    </p>
   </div>
  </div>
 </body>
</html>
