2182 4050
414 178 593 264 genesis.
726 247 730 259 ¹
764 248 770 263 ,
805 196 810 205 ·
923 189 977 280 181
1009 276 1015 285 ·

27 327 172 392 trisrohis
185 330 270 407 Sem,
290 325 408 402 Nahum
423 327 540 406 There,
560 339 687 414 proruto
709 342 741 391 et
760 318 857 396 ¹ulaori
870 320 978 405 sniiuo

27 433 231 529 excipiendos
260 450 326 494 esse
353 428 508 512 hospites,
542 431 725 516 praesertim
756 430 865 499 fratrea
893 438 976 521 pios.

27 529 84 596 sio
105 554 199 617 supra
218 532 303 597 Loth
323 531 411 618 oogit
427 533 580 620 Angelos,
600 548 637 598 ut
656 537 741 618 apud
761 556 794 599 se
815 536 976 603 divertant.
1009 582 1011 587 -

27 635 187 699 Abraham
208 634 344 699 occurrit
364 633 465 698 trihus
486 637 573 701 viria.
600 639 643 704 Et
664 640 774 704 Petrus
795 643 828 711 (l
841 637 923 701 Petr.
944 641 990 721 4,·
1079 718 1082 725 ¹

27 742 76 812 9.)
97 736 268 822 praecipit,
294 747 330 799 ut
350 734 448 799 simus
467 737 655 823 hospitales,
683 739 778 824 idque
806 736 875 806 sim
894 766 979 810 mur·

28 842 204 906 mutatione
224 860 261 901 so
282 837 385 899 auimo
406 854 535 918 promto
555 854 586 905 et
605 840 777 907 hilerifist
902 896 906 903 .
954 892 967 911 ..

110 944 298 1027 Quanquam
328 937 394 1009 boo
417 954 525 1005 nostro
554 955 617 1006 tum
637 943 755 1009 infelici
775 960 806 1010 et
827 943 977 1035 corrupto

29 1046 155 1108 saeoulo
176 1066 241 1107 uon
268 1054 383 1109 temere
398 1047 516 1130 -quiris-
532 1049 743 1117 admittendus
763 1063 827 1128 est,
854 1051 916 1117 uisi
934 1051 979 1117 sl·
1019 1072 1024 1097 t

28 1146 108 1213 ierat
128 1145 303 1211 testimonia
315 1145 476 1211 bonorum
491 1150 639 1215 virorum.
660 1151 808 1217 Abundat
827 1155 889 1218 hoo
901 1168 979 1221 tenu.

29 1271 108 1335 pore
136 1247 304 1314 Germania
335 1250 554 1331 eomplurihus
580 1253 792 1318 nebulonibus
819 1269 850 1320 et
875 1256 978 1322 ineen-

30 1352 156 1428 diarib,
183 1352 237 1435 qui
258 1353 357 1417 multa
378 1355 496 1437 oppida
521 1369 553 1418 et
573 1352 659 1417 vicos
678 1355 856 1421 immaniter
874 1360 977 1442 perdi·

31 1456 160 1520 derunt:
191 1455 264 1539 quia
294 1453 328 1517 in
355 1454 493 1540 imperiis
522 1456 708 1540 tuthiorum
735 1468 767 1520 et
793 1444 978 1544 disoipliuae

29 1557 116 1641 leges
137 1579 266 1641 prorsus
286 1559 503 1647 negliguntur.
541 1559 651 1644 Itaque
670 1581 762 1645 ssepe
781 1562 904 1648 mugnis
924 1563 978 1628 bs·

29 1658 148 1722 neficiis
169 1681 187 1722 a
209 1660 302 1723 nohis
321 1660 422 1725 effoeti
441 1673 549 1746 postea
574 1661 699 1746 injuriis
727 1676 758 1731 et
777 1666 977 1733 ooutumsliis
1018 1668 1023 1677 '

27 1783 86 1825 nos
108 1775 246 1825 onerant

109 1864 143 1929 si
165 1864 221 1946 qui
242 1876 343 1926 tsmeu
362 1861 501 1926 honestis
520 1864 707 1928 testimoniis
722 1865 825 1931 ornati
838 1867 977 1948 veniunt,

30 1988 85 2029 eoa
106 1967 258 2041 invitare,
278 1965 416 2050 henigne
431 1972 467 2029 'et
486 1963 658 2030 liberaliter
678 1988 787 2031 curare
805 1991 844 2033 ao
863 1992 978 2056 eogere

29 2071 71 2133 sd
91 2091 150 2132 uos
171 2071 330 2135 deb'emus.
362 2069 477 2134 Sumus
498 2068 582 2131 euim
604 2068 706 2132 edocti
726 2070 977 2139 Patrisrohsrum

29 2173 174 2256 exemplo
195 2186 225 2236 et
245 2174 386 2238 doctrine
407 2170 540 2246 Christi,
561 2172 647 2254 qnod
667 2192 732 2234 non
751 2172 896 2239 homiues
922 2175 979 2240 ho·

29 2274 124 2357 spitio
145 2275 324 2359 excipimus,
344 2276 400 2340 sed
416 2274 567 2361 Angelos,
587 2273 653 2335 imo
674 2273 834 2338 Christum
855 2276 977 2343 Filium

29 2390 61 2438 et
80 2389 240 2441 aeternum
260 2380 395 2455 Patrem,
417 2381 503 2464 juxta
523 2376 724 2441 sententiam
747 2379 840 2462 „Qui
854 2402 910 2445 voa
929 2398 977 2445 rst-

29 2480 118 2562 cipit,
139 2504 189 2544 me
210 2483 349 2567 reoipit“
371 2482 499 2560 (Mutth.
518 2482 568 2552 10,
586 2476 663 2551 llll·
683 2478 788 2563 Atque
801 2480 845 2543 ita
866 2481 977 2547 domus
1044 2510 1047 2515 ·

28 2596 84 2644 tua
105 2578 158 2671 liet
178 2587 350 2669 templum,
375 2585 440 2649 imo
461 2579 627 2648 Paradians
653 2591 685 2643 et
711 2601 847 2668 reguum
874 2582 978 2657 eoelm

28 2704 120 2760 rum3
140 2686 197 2748 ubi
218 2688 299 2751 enim
321 2690 407 2753 Deus
428 2687 556 2761 habitat,
575 2682 621 2747 ibi
640 2684 793 2766 templum
814 2685 880 2767 ejus
901 2699 957 2751 sat

110 2787 167 2849 His
182 2789 445 2872 promissionibus
464 2801 496 2853 et
517 2785 667 2868 exemplis
680 2787 757 2850 moti
766 2788 871 2855 Pstres
892 2808 978 2857 sano·
1067 2854 1071 2859 .

29 2902 80 2952 tos
107 2904 138 2953 et
165 2892 237 2974 pios
264 2892 402 2975 hospites
429 2902 615 2975 reseperunt
636 2889 730 2965 certi,
760 2891 846 2975 quod
874 2891 978 2958 Deum

30 2992 136 3075 ipsum
157 2994 345 3076 exciperents
374 3007 404 3059 et
424 2995 483 3057 hau
509 2991 629 3055 ratione
655 2988 794 3054 fesemnt
823 3013 859 3055 ex
878 2993 978 3058 dorni·

31 3095 90 3157 hus
110 3094 176 3157 suis
198 3096 320 3160 eoelum
341 3111 372 3161 st
391 3096 497 3161 sedem
517 3094 588 3158 Dei.
629 3094 726 3178 ldque
746 3094 840 3158 etiam
861 3095 977 3163 liberos¹

32 3219 105 3261 suos
133 3200 322 3277 dosnemut,
354 3211 385 3263 et
404 3197 630 3261 assueseuemnt
656 3194 696 3259 ad
723 3195 977 3280 hospitalitatem.
1007 3244 1011 3255 ·

29 3300 108 3364 Fuit
127 3314 229 3365 sutem
250 3316 323 3367 tune
342 3301 492 3386 temporis
511 3294 823 3382 melior¹disoiplina‚
847 3312 878 3363 et
897 3301 979 3389 regi·

30 3405 116 3466 mins
137 3405 305 3484 severiore,
327 3428 420 3491 quam
440 3415 548 3467 nostro
570 3398 706 3462 saeculo·
746 3399 840 3465 Nuus
858 3404 978 3487 perion-

31 3508 100 3569 lum
128 3500 174 3570 est
205 3508 245 3569 sb
265 3509 399 3592 ignotis,
430 3527 469 3568 ue
497 3496 636 3566 inlioiant
662 3502 769 3565 eibum
790 3515 842 3567 aut
861 3526 978 3589 passus
1021 3512 1024 3517 '

31 3630 167 3673 veneno:
188 3609 450 3692 quisziqoidimus
469 3606 504 3669 iu
524 3618 666 3691 tempore
682 3616 850 3691 postrenus,
870 3618 978 3687 elom·
1027 3670 1033 3681 .
1078 3614 1084 3628 '

62 3719 178 3771 bothert
194 3719 245 3791 Op.
265 3733 366 3795 exeget.
384 3718 438 3777 vol.
454 3696 500 3774 Vl·
534 3730 537 3735 '
651 3712 675 3781 ὓ
894 3722 900 3735 “
