2182 4050
308 222 311 231 .
415 168 593 255 gen‘eeie.
919 175 981 241 277
1060 214 1067 231 r

19 338 97 378 mos
119 313 284 377 defendere
304 326 359 377 eat
380 335 524 381 exouaare
544 317 645 392 Isaeo,
666 336 705 378 ne
726 336 797 380 eum
817 318 922 402 porois
941 321 978 383 il-

17 416 66 481 lie
87 417 211 481 ludaeis
232 416 385 500 Cynieam
406 432 459 482 ant
481 418 654 505 Diogenem
675 439 746 482 enm
766 417 923 486 feeiamae.

85 514 337 603 ¹S'edrelinqeo
366 522 457 586 besee
478 520 688 608 eogitetiones
715 522 749 584 in
770 523 893 596 medio,
919 545 978 587 neo

17 623 170 706 urgebo,
197 644 265 693 neo·
282 623 420 704 rejiciam
450 646 501 686 eae
529 644 676 707 proram,
699 624 850 688 -eidantnr
874 637 977 688 tamen
1050 621 1057 637 ⁸

18 724 199 785 admodum
228 723 427 799 verisimiles,
463 724 538 806 quie
567 724 686 806 alioqai
716 744 779 785 oon
807 727 976 789 admodum

19 824 204 909 ineundam
224 836 270 886 eet
290 825 459 906 amplexari
478 845 605 886 uxorem
626 824 658 885 in
680 835 761 887 terre
780 825 899 889 hostilis
921 829 981 891 sed

21 925 244 987 cumulatione
263 946 342 1009 opus
362 925 434 1003 suit,
455 939 486 989 et
506 923 730 1009 signifieetioae
746 927 867 991 divinae
887 950 975 1011 prae-
1067 936 1071 942 “

22 1027 143 1089 sentiae
164 1038 196 1089 et
214 1029 452 1110 promissiooia;
472 1029 567 1114 idque
588 1029 691 1111 potuit
711 1026 780 1091 lieri
800 1029 975 1112 amplexen-
1043 1052 1047 1065 “

10 1128 69 1191 'do
91 1141 124 1190 et
141 1126 285 1210 jooendo.
306 1131 366 1195 His
388 1132 533 1195 honestae
553 1132 648 1195 ludin
670 1141 715 1193 est
735 1126 974 1221 enm-aeojage,

23 1231 141 1295 decane
162 1232 326 1307 honestum
347 1234 502 1296 maritum.
533 1232 622 1318 Erga
641 1253 781 1296 sororem
801 1255 866 1295 non
888 1236 974 1297 dees·

24 1347 76 1395 ret
95 1345 150 1395 aut
167 1332 334 1411 familiam:
355 1337 400 1399 ibi
419 1336 587 1421 imperium
604 1348 634 1395 et
647 1336 779 1420 gravitas
794 1338 973 1421 requiritur,

23 1437 118 1499 etiem
136 1436 171 1499 in
192 1439 404 1515 eoaaolando;
433 1441 489 1502 sed
509 1460 582 1503 enm·
601 1460 646 1513 aa,
668 1457 747 1520 qaae
767 1438 843 1499 mihi
863 1430 973 1503 divini-

23 1551 77 1601 tus
109 1541 277 1625 sonjonote
304 1553 369 1616 eet,
395 1540 467 1604 lieet
498 1541 613 1624 jooeri,
638 1543 746 1605 ledere
775 1555 807 1605 et
832 1542 974 1627 eolloqai

23 1640 186 1719 blandius,
206 1655 241 1705 ot
260 1663 332 1705 eum
352 1643 472 1705 ratione
491 1656 523 1706 et
537 1644 709 1707 seeundum
721 1646 883 1710 amentiam
900 1669 976 1733 oum

24 1768 62 1809 ea
77 1746 196 1808 viram·
209 1745 299 1809 Siout
318 1759 423 1809 monet
435 1746 545 1811 Petrae
566 1754 599 1820 (1
613 1746 692 1809 Patr.
706 1754 739 1824 3,
760 1755 823 1825 7.)=
846 1747 973 1832 „Quasi

21 1848 201 1914 infirmiori·
228 1835 350 1913 ieeeulo
385 1849 531 1913 muliebri
560 1852 772 1935 impartiaatee
809 1851 973 1926 honorem,

21 1966 192 2038 tanquam
209 1954 433 2017 cohaeredibus
469 1956 608 2038 ejusdem
634 1954 797 2038 gratiae“,
832 1967 873 2017 et·
892 1942 972 2038 quae

22 2069 96 2120 suat
117 2071 230 2120 matres
250 2080 288 2121 eo
308 2057 429 2142 generis
450 2057 578 2119 humani
598 2058 696 2119 altera
717 2076 808 2139 pars,
833 2056 906 2119 lieet
925 2057 972 2119 ia-

15 2156 148 2221 -firmior
168 2160 273 2244 quaed
292 2182 418 2244 oorpnt.
460 2158 529 2223 Noe
549 2180 655 2222 eumue
676 2160 879 2237 robustiores,
898 2161 970 2223 ideo

19 2262 119 2325 etiem
139 2262 260 2345 majora
279 2263 376 2329 ollieie
397 2262 490 2325 nobis
511 2261 676 2325 oomrnisse
698 2276 781 2338 eunt,
800 2262 835 2326 ie
856 2263 973 2346 quibas

19 2376 132 2426 temen
145 2363 289 2435 animum
310 2366 496 2429 muliebrem
522 2384 615 2445 saepe
636 2363 835 2428 ostendimus.
878 2363 989 2449 Diffe-=

18 2480 99 2531 runt
118 2471 363 2530 temtamina·
382 2468 479 2530 virilis
499 2480 530 2530 et
547 2465 670 2529 animae
687 2467 866 2531 muliebriea
885 2468 974 2549 ipsae

18 2581 172 2633 oneratae
191 2584 264 2634 suat
283 2571 494 2635 oeconomioia
514 2567 637 2643 offleiis,
658 2582 767 2652 partu,
788 2570 971 2633 educatione
1049 2576 1058 2591 ⁸

17 2673 126 2757 prolis
147 2685 178 2735 et
196 2692 271 2737 oure
292 2673 475 2748 domestice3
496 2692 557 2735 eos
575 2673 702 2755 politica
723 2684 753 2734 et
765 2671 972 2735 eoeleeieetlee

18 2775 308 2859 administratione,
328 2798 401 2841 oum
420 2775 517 2837 aimus
536 2771 691 2837 fortiores.
729 2774 792 2839 Sed
812 2774 972 2859 quomodo

16 2900 83 2943 noe
104 2880 139 2943 in
169 2878 354 2943 adolasia-et
383 2876 495 2961 politia
515 2886 677 2957 garamas,
705 2877 777 2940 satie
806 2876 970 2939 aernimne.

18 2982 127 3065 Saepe
148 3002 212 3045 non
234 2980 335 3047 minos
355 2978 576 3046 imbesillitatia
596 2977 628 3043 io
645 2978 870 3063 gubernatione
889 2978 976 3046 virili·

20 3083 279 3167 deprehenditur.

104 3182 227 3267 Sequar
253 3186 354 3271 igitar
373 3186 468 3247 besee
483 3182 702 3271 eogitationea,
733 3197 765 3250 et
791 3184 971 3260 eoncedem,

21 3286 113 3370 qnod
132 3287 216 3349 lraao
242 3307 308 3349 eam
328 3286 486 3369 amplexus
514 3287 554 3347 sit
574 3307 638 3349 non
664 3298 728 3349 tam
748 3286 972 3349 consolationis

20 3389 145 3474 gretie,
167 3411 261 3472 quam
281 3403 317 3451 ut
336 3390 514 3455 ostenderet
534 3403 655 3476 geatam
676 3389 768 3451 illam
789 3386 971 3462 maritalem,

21 3512 91 3576 qno
112 3492 195 3555 solet
214 3490 258 3551 nti
278 3513 355 3579 erge
376 3493 533 3559 honestam
555 3494 720 3576 reningam
742 3492 890 3551 honestus
911 3510 972 3557 me-

21 3595 115 3676 rana,
136 3592 307 3665 ridioelom
328 3608 359 3659 et
378 3594 540 3672 blandem,
561 3593 735 3679 eujusmodi
755 3612 846 3681 nepe
868 3593 974 3659 ridere
