2182 4050
457 187 630 273 gauasis.
689 210 699 247 ·.
976 187 1014 255 to

76 357 131 407 tura
159 352 284 407 “notu
308 340 336 405 si
356 350 423 403 usu
442 337 657 411 oouseutisut,
686 334 765 398 nihil
801 357 839 401 ea
858 356 1015 415 eurumua,

76 444 118 509 sesi
135 444 229 509 stiam
250 456 288 507 ut
310 452 452 523 suspeotu
471 440 584 509 marito
616 436 754 523 fugimus
767 432 770 439 ’
782 452 813 504 et
838 441 1015 523 uhjiuimus.

76 546 129 609 Nos
157 558 266 607 autem
294 564 367 607 uum
392 540 572 617 testimpu'io
602 542 772 626 scripturae
801 542 1014 625 praadioumua

76 647 160 712 uirilis
184 669 293 730 opera.
314 644 528 710 Voluit·euim
548 643 736 720 Dsus„uos
767 642 849 721 ferre
876 664 1015 719 eommu-

76 772 118 815 ues
132 749 319 812 sffliotiones
339 760 369 810 et
390 768 476 813 ossus
491 747 641 810 humsusa
660 759 787 810 suturas
804 747 848 824 ἢ,
868 758 899 808 et
913 746 1023 831 jubet„

76 872 105 917 ts
119 854 151 913 in·
178 852 222 913 iis
251 852 469 933 desperemus,
498 854 554 916 sed
583 836 795 924 confidamus,
820 838 1014 913 esim'uoltia

76 955 263 1025 »diutiss-um:
287 954 363 1037 quin
384 955 528 1018 iustruxit
547 976 606 1018 uos
627 948 754 1016 ratione·
777 941 928 1028 utturali,
950 972 1014 1037 qua

76 1078 204 1144 rogamus
236 1057 298 1117 istu
319 1057 440 1133 uirilis,
461 1079 500 1119 ns
526 1070 676 1120 tentemus
705 1054 824 1135 Deum,
851 1057 1016 1144 tahjioiau·

76 1182 123 1224 em
142 1158 237 1221 uobis
258 1172 381 1221 terrum.
422 1159 515 1222 Nuus
535 1160 573 1221 ud
595 1158 764 1221 historiam.
797 1178 801 1185 ·

140 1262 256 1323 'l’satus
278 1261 372 1337 disis,
392 1283 412 1323 a
425 1248 508 1347 rege
536 1260 716 1324 Abimelsoh
743 1271 865 1343 raptam
894 1259 1013 1324 Sarum.

76 1366 125 1429 tio
143 1363 244 1427 uritur
266 1363 426 1447 qusestio,
447 1366 606 1447 quomodo
627 1362 791 1428 uerisimile
819 1362 876 1439 sit,
905 1362 1015 1429 Sarum
1080 1424 1084 1439 ,

76 1468 106 1535 >b
125 1465 391 1552 pulohritudiuem
412 1476 550 1548 rsptam,
575 1488 631 1530 ueo
658 1468 692 1532 id
718 1490 736 1531 u
762 1466 1013 1553 vulgarialiqus

76 1573 206 1647 homine,
235 1570 294 1633 ssd
322 1567 404 1631 ab
394 1590 464 1652 rpao
494 1588 587 1652 rego,
614 1591 684 1631 eum
713 1581 792 1632 esset
810 1570 874 1651 jum
894 1588 1015 1633 annosa

76 1677 180 1749 touta,
208 1693 311 1736 annos
339 1672 459 1737 seilicet
487 1683 559 1732 nats
588 1670 726 1734 LXXV.
767 1670 803 1732 ln
832 1670 889 1735 hau
914 1684 1015 1736 astuta·

76 1721 269 1865 pulchritido
290 1775 412 1837 formae
433 1772 644 1838 commendari
663 1796 728 1836 non
757 1760 853 1837 solet:
888 1785 1015 1855 oportet

81 1882 160 1968 igitur
175 1880 262 1941 illud
282 1877 423 1941 seeulum
444 1874 597 1951 vivacius,
628 1888 657 1939 at
683 1875 800 1942 robore
826 1877 1017 1959 oompisuio·

85 2008 142 2047 aun
157 1984 284 2075 longe
278 1977 373 2041 fuisse
394 1978 615 2061 praestantius,
634 2000 728 2062 quam
749 1978 852 2041 hodie.
898 1978 1015 2043 lame·

79 2087 131 2148 nin
154 2081 343 2157 mulieres
333 2101 501 2164 ingressus
516 2068 582 2141 XL
611 2103 727 2143 sunum
751 2081 815 2142 fere
850 2100 915 2142 nou
950 2102 1014 2145 um-
1043 2116 1053 2127 ·-

79 2190 147 2273 plius
167 2188 208 2249 ad
230 2196 359 2268 partum
380 2181 509 2243 idoneus
539 2194 626 2259 suut,
655 2194 687 2242 et
713 2180 788 2243 Sara
809 2196 1014 2270 septuagena·

79 2290 113 2352 ris
136 2308 201 2350 nou
229 2285 338 2347 solum
366 2295 497 2365 propter
523 2284 789 2366 pulchritudinem
818 2287 1015 2369 commenda,

80 2404 131 2468 tu,
151 2391 207 2453 sed
229 2389 334 2451 udhuo
355 2401 401 2450 est
420 2387 454 2449 iu
474 2410 530 2471 sps
550 2387 659 2471 prolis.
708 2387 937 2451 Moderatiorss
956 2387 1015 2475 igi·

76 2508 119 2557 tur
133 2507 199 2555 tum
221 2490 350 2553 fuerunt
372 2491 511 2554 homiues
519 2533 532 2568 ,-
549 2502 580 2553 et
600 2486 700 2571 adjuti
720 2509 847 2572 quoque
866 2505 960 2565 suut,
979 2503 1016 2555 ut

82 2597 223 2671 msdmo,
246 2595 412 2657 elementia
442 2592 533 2657 sosii.
584 2590 685 2651 Hodie
713 2611 779 2652 uon
808 2592 883 2678 gula
909 2594 1042 2658 sulum·

83 2696 229 2781 affligimus
250 2710 361 2757 nostru
381 2716 514 2777 eorpors
534 2706 565 2755 et
595 2674 809 2770 debilitamur,
839 2697 895 2759 sed
922 2698 1016 2761 etiam

76 2800 199 2897 puocatis
222 2797 339 2861 uostris
360 2795 585 2893 corrumpimus
607 2795 739 2867 coelum,
761 2794 821 2857 hos
842 2811 897 2874 est,
913 2800 1017 2863 Dauus

76 2902 275 2985 impeilimus,
301 2911 337 2962 ut
364 2896 562 2961 inclementis
589 2908 804 2979 tempestatum
836 2901 938 2987 msjor
964 2903 1016 2979 sit,

76 3024 157 3086 quum
177 3002 243 3064 illis
266 3001 459 3083 temporibus
473 2999 577 3065 fuerit.
948 3060 958 3071 ,

144 3103 188 3165 Et
208 3101 308 3165 voluit
330 3124 456 3187 quoque
471 3103 578 3174 Deus,
598 3097 847 3179 benedictionem
873 3121 1016 3185 maguam

76 3203 182 3265 iussus
204 3202 365 3287 uonspioi,
387 3206 473 3289 quod
494 3204 549 3288 qui
571 3202 670 3265 Deum
691 3200 815 3275 timent,
842 3222 949 3265 eorum
968 3204 1017 3288 ju-¹

76 3321 177 3369 ventus
203 3320 373 3369 renovatur
400 3309 481 3370 siout
506 3304 629 3389 uquils,
663 3317 693 3365 st
728 3303 889 3373 efflorescit
916 3306 1018 3389 pistus

78 3430 177 3471 sorum
196 3411 230 3471 in
252 3430 367 3492 eorpus
388 3430 515 3483 sorum,
544 3407 621 3469 sieut
649 3406 687 3468 de
708 3406 818 3482 Mose,
846 3407 885 3471 de
915 3408 1018 3489 losus,

82 3512 115 3575 tls
133 3511 223 3574 Caius
251 3525 283 3574 et
303 3512 374 3575 uliis
393 3522 523 3575 testatur
543 3507 715 3589 scriptura,
737 3508 874 3590 quod
845 3530 925 3573 utres
946 3532 1018 3591 suus

82 3612 126 3694 ju
111 3614 219 3677 enites
239 3615 331 3679 etiam
191 3608 548 3712 ω--ᾁςιςινιιτὶοιτο
572 3622 670 3677 astate
696 3607 901 3691 retinuerint,
921 3632 1018 3703 quau-

79 3701 331 3783 ]Εᾰἰ’τ,ρ
225 3716 547 3788 prieneseripeurse.
588 3730 591 3735 '
