2182 4050
380 176 384 183 “
457 183 675 273 genesin·
963 166 1020 257 189

76 332 203 398 8118811
230 318 336 407 888888;
367 349 403 393 ex
430 351 530 416 opere
555 328 933 417 88888888881888181888.
971 335 1021 401 En

76 450 118 500 88
138 437 307 500 Diabolica
327 432 494 498 (1181888188.
578 476 582 483 -

154 558 314 621 Abraham
334 570 451 634 autem,
473 558 527 645 qui
546 557 623 643 18888
643 563 723 617 88818
737 552 1021 646 potuit'diatingnn·

76 681 123 738 88,
144 659 207 724 fuit
226 650 505 745 praestintianimua
526 663 591 736 818,
611 678 676 719 con
694 654 859 741 indulgent
871 659 1021 729 ,1188888188
1055 676 1057 685 “

76 764 196 840 turnis,
217 775 371 827 ettamen
392 785 546 837 88888888,
574 760 702 843 88188888
722 757 1022 848 libidini-et-pcocn-

76 878 107 929 tu
139 867 292 929 occultam
318 867 563 931 benedictionem
592 875 723 946 propter
750 859 896 935 futurum,
917 889 1023 935 888888

76 990 112 1031 cx
132 968 251 1030 lumbis
270 966 387 1052 ipsine,
408 971 496 1052 cujua
516 979 598 1031 88888
607 965 756 1028 8888881888
775 978 805 1028 et
824 970 1022 1050 8881888888,

76 1083 110 1134 nt
131 1083 233 1133 totum
254 1071 362 1133 orbem
381 1070 627 1143 benedicturum.
639 1066 697 1143 818,
729 1079 760 1129 et
787 1068 874 1135 Deun
893 1086 1023 1156 propter

76 1172 327 1236 benedictionem
354 1173 441 1235 illum
469 1173 655 1236 toleraturus
686 1168 853 1241 libidinem¹
874 1175 1026 1260 conjuga·

76 1277 149 1338 lem.
202 1273 343 1356 Alioqui⁴
360 1275 452 1337 enim.
471 1295 578 1338 888888
611 1272 744 1347 damnati
770 1293 922 1352 88888888,
950 1277 1024 1361 quin
1041 1356 1054 1363 ..

77 1373 334 1468 concupiscentia
353 1378 457 1441 haeret
475 1376 565 1439 infixe
587 1370 710 1439 oeaibue
731 1387 761 1437 et
781 1375 943 1452 medullis,
965 1400 1023 1443 neo
1083 1424 1086 1431 ·

76 1494 182 1566 potest
203 1502 222 1540 8
243 1500 401 1573 quoquam
423 1478 573 1567 superari
581 1491 610 1541 et
626 1470 803 1583 exstingui,
824 1479 916 1560 juxta
927 1479 1023 1547 illud:

79 1582 142 1662 „ln
164 1577 298 1666 peucetio
320 1581 494 1671 'concepit
482 1604 531 1645 me
552 1597 652 1669 muter
671 1588 783 1669 88888ιι
789 1578 854 1655 (Ρ8.
875 1589 926 1659 51,
947 1587 975 1650 7.
978 1591 1015 1681 j...

160 1715 211 1780 Sit
229 1714 325 1801 igitur
352 1714 426 1775 haec
453 1716 614 1798 explicatio
643 1729 688 1780 88
703 1737 796 1779 cauea
823 1716 909 1791 111188
937 1702 1025 1795 818888,

82 1843 174 1906 quem
196 1817 541 1880 Abrnhumintroduxit
559 1820 592 1881 in
615 1819 775 1883 8881881888
797 1840 903 1894 uuam,
929 1819 1026 1904 nigni-

81 1923 201 1986 ficutum
230 1922 346 1984 scilicet
373 1941 438 1983 8888
465 1922 624 1985 excellenti
653 1922 766 2005 spiritu
792 1919 1027 2003 mycteriumil·

82 2025 134 2088 lud
165 2022 395 2109 iucarnationis¹
412 2020 531 2085 christi
562 2027 768 2117 admirabile,⁴
796 2046 891 2107 quum
927 2024 1027 2098 881818

82 2129 238 2190 188818888
258 2125 391 2189 familiae
408 2147 495 2203 8888,
517 2147 581 2189 888
595 2141 717 2193 tuntum
737 2126 845 2204 888188,
865 2126 920 2190 sed
936 2128 1026 2193 etim

83 2231 160 2294 18888
183 2244 213 2291 88
234 2229 322 2313 signo
344 2239 479 2289 externo.
989 2246 993 2257 '

161 2353 283 2415 Deinde
311 2350 484 2413 meminerit
510 2353 625 2426 lectur,
656 2369 691 2411 ex
719 2348 871 2434 religione
898 2350 1027 2414 Petrum

80 2469 234 2539 perpetuo
256 2453 343 2538 sequi
364 2455 463 2519 solere
484 2451 652 2515 horribileu
672 2452 926 2534 superstiticnca,
947 2454 1028 2539 sicut

78 2559 251 2623 lumeilitaa
273 2556 311 2619 dc
332 2554 449 2619 femore
470 2555 612 2617 Abrabae
640 2552 792 2637 gloriatos
819 2575 883 2617 8888
910 2567 1028 2621 certum

80 2674 144 2738 888,
173 2674 265 2722 nutes
286 2681 317 2721 88
346 2679 411 2720 8888
433 2678 467 2718 88
495 2657 551 2718 1118
572 2676 679 2729 carne,
711 2678 788 2739 quoe
810 2657 906 2743 digne
926 2657 1030 2733 18818188

80 2764 138 2838 818,
166 2775 203 2823 ut
232 2783 326 2845 cupre
347 2783 416 2827 enm
436 2759 627 2823 invocaretur
649 2757 748 2851 Deus:
778 2769 869 2840 utque
896 2749 967 2821 inde
995 2759 1030 2821 iu

80 2863 292 2929 miserabilem
313 2862 486 2925 caecitatem
516 2856 695 2945 prolapsi
684 2846 786 2943 ipsam
806 2860 1030 2965 turpitudinem

80 2969 308 3040 adoraverunt,
340 2965 524 3049 recipientes
562 2984 685 3035 8888888
719 2962 929 3043 materialiter,
965 2956 1031 3028 8818

81 3066 297 3183 spiritualiter.
992 3080 995 3085 ·
1013 3074 1019 3085 ’

164 3191 225 3252 Hic
251 3186 382 3251 88881888
412 3184 446 3249 18
476 3181 612 3249 humone
631 3201 740 3252 888888
761 3187 909 3251 omnibus
929 3186 1032 3251 888881·

82 3295 143 3358 bue
174 3306 332 3381 graecatus
362 3300 407 3350 888
415 3309 515 3372 ,quo
542 3275 733 3352 efficimur
709 3294 831 3369 88888188,
861 3291 904 3353 ita
930 3305 965 3355 88
986 3313 1032 3355 ee·

84 3419 250 3481 quamur
241 3392 355 3457 fuctum
376 3404 406 3453 et
426 3387 565 3472 exempla
586 3389 731 3468 Petrum,
760 3406 790 3457 et
817 3392 1047 3495 relinquerunt

83 3498 230 3582 tpiritum
250 3499 400 3583 ipsorum.
443 3490 509 3555 ld
499 3491 643 3574 inprimis
672 3478 891 3585 memorabile,
917 3486 1033 3583 888118-

83 3620 160 3663 num
180 3598 308 3695 8881888
327 3598 403 3695 lecu
422 3586 613 3669 8888888818,
