2182 4050
114 180 180 253 ⁴10⁴
297 130 919 270 vigesimis—sn·q-aintnmoapnt

117 331 220 422 gloria
240 330 339 395 narnia
355 314 665 394 hahuerunt-''l'nroa
679 316 807 418 tanturn
824 329 934 392 earnis
948 326 1064 414 glorian

66 434 83 507 J
117 438 220 501 itabat
241 435 343 499 ludaei
363 428 441 496 vero'
458 426 496 497 'de
516 422 668 521 sangnine
688 430 935 520 gloriabantnr,
954 431 1055 512 laneat

118 540 207 625 quo'tl
234 536 299 600 nati
325 548 425 599 essent
455 556 491 598 ax
511 536 657 615 Patribus
676 550 708 599 et
728 534 920 619 Prophetis.
942 532 1056 601 'Deinde

64 648 66 661 ²
117 638 221 703 narnis
239 637 340 724 gloria
360 639 543 712 attolebat,
562 639 707 711 vidalioat
733 660 903 723 regnum,
934 638 1056 717 potentia,

117 742 240 826 religio3
253 740 438 826 hypocrisis.¹
457 740 531 804 ldeo
543 743 685 807 omnibus
706 742 816 804 moalis
829 737 970 825 gloriosi
985 754 1056 818 etant

117 848 189 909 n'on·
205 844 309 907 solnm
329 853 462 927 proptor
477 856 615 923 mutam,
636 846 691 909 aed
711 834 811 907 stiam
834 844 978 924 proptor
995 839 1054 914 elien

118 961 195 1010 tam.
218 944 421 1031 causante,
443 944 518 1032 qnia
538 968 576 1010 ex
596 945 798 1009 sanctissimis
815 942 1055 1028 parentibnantt'
1082 998 1085 1003 .

120 1058 205 1114 rant
241 1044 501 1130 Effsonrasqaia'
516 1048 668 1113 habehant
687 1070 853 1132 regnam,
885 1045 1055 1133 gloriantt

93 1200 98 1217 .-
119 1173 207 1237 opaa.
227 1136 328 1213 Toros
347 1172 413 1212 non
429 1142 526 1213 :habet
546 1152 680 1238 gloriam
701 1149 895 1239 sanguinis3
919 1170 987 1217 non
999 1151 1053 1215 toln

107 1270 212 1318 ·natns
239 1269 284 1317 eat
305 1276 341 1317 ex
360 1254 512 1317 Patribus.
556 1253 619 1318 Sed
645 1253 739 1316 habet
770 1274 941 1339 regnum,
968 1252 1053 1336 sapiet

119 1357 376 1444 tiam‚·gioriam‚
396 1372 426 1420 et
447 1378 482 1420 ex
502 1357 570 1421 istis
590 1354 734 1419 maximis
755 1352 935 1417 effantibus
955 1342 1053 1419 conata

120 1461 275 1547 probam,
303 1460 389 1545 qnotl
408 1466 483 1523 anui
503 1460 643 1544 populna
664 1459 703 1521 ait
723 1458 878 1544 pop'ulua
904 1456 978 1520 Dei.
1014 1459 1051 1525 Sal

56 1598 73 1607 ‚.
122 1563 296 1647 quaesitore
326 1560 391 1625 Ubi
417 1573 464 1623 est
490 1561 637 1624 sonatio?
664 1561 738 1624 Non
753 1559 863 1644 'opus
886 1573 939 1623 est
959 1564 1053 1642 aa‚ia

121 1668 245 1754 quiunt,
266 1665 375 1728 suffieit
394 1664 493 1748 prima
515 1665 664 1727 nativitas.
700 1662 737 1725 Si
756 1652 842 1743 faoit
864 1663 980 1742 homo,
998 1669 1053 1752 qual

121 1781 279 1852 potestas
300 1789 342 1846 ae,
363 1769 465 1832 saltur
485 1770 552 1831 erit.
578 1764 719 1831 Minime.
742 1762 810 1830 Sed
832 1769 1008 1852 requiritur
1021 1792 1053 1834 rt-

121 1871 223 1946 oatio,
242 1869 303 1931 hoo
322 1882 385 1946 ast,
406 1870 544 1933 verbam.
587 1867 620 1931 Si
641 1869 743 1951 prima
763 1870 927 1934 nativitas
948 1872 1011 1935 satis
1024 1894 1051 1936 tt

117 1982 182 2047 tat,
212 1971 253 2033 ad
273 1971 348 2056 qnid
374 1992 454 2054 opus
476 1983 552 2034 esset
573 1972 666 2032 nobis
685 1962 815 2034 serbo?
862 1973 978 2057 Quare
995 1989 1052 2037 runt

120 2076 206 2139 Dana
227 2075 266 2137 ab
286 2075 403 2136 orianta
423 2074 468 2135 atl
489 2074 703 2136 occidentem?
730 2073 854 2138 Nonne
887 2094 952 2137 noa
978 2095 1054 2137 tonat

119 2179 213 2262 justi,
240 2174 355 2252 saneti,
382 2175 544 2238 rationales
572 2175 740 2237 homines?
785 2177 829 2237 At
864 2189 979 2238 eontra
999 2175 1057 2239 laen

121 2280 228 2343 omnia
249 2276 429 2341 dioitDeusz
452 2279 521 2340 lino
541 2275 631 2352 solo,
653 2280 768 2363 „quod
791 2270 916 2342 omnia‘
933 2276 1058 2340 carolos

121 2405 207 2456 num,
232 2392 262 2442 et
282 2380 381 2443 omnis
401 2374 504 2467 gloria
526 2381 594 2463 ejus
608 2381 701 2466 ¹quasi
721 2380 780 2443 floa
804 2381 883 2467 agri
893 2388 914 2427 ‘·‘
940 2381 1057 2457 (Bali,

121 2478 197 2559 6.),’
211 2496 246 2545 nt
265 2504 357 2545 nemo
378 2481 530 2567 glorietur
549 2483 582 2543 in
603 2502 693 2545 earne
715 2496 745 2544 et
766 2483 945 2568 sanguine,
967 2483 1014 2544 aed
1030 2495 1057 2544 at

120 2590 223 2674 tingat
248 2585 502 2660 renovationem,
529 2608 608 2670 qnae
629 2584 665 2647 fit
686 2596 818 2649 rooante
845 2586 943 2660 Deo,
964 2585 1056 2667 alioqui

121 2686 221 2753 omnis
250 2687 355 2774 gloria
383 2686 641 2762 camoenam,
668 2700 735 2750 tum
763 2687 804 2750 da
827 2686 952 2749 effeotn
977 2684 1056 2747 inani

103 2798 152 2854 'al
171 2789 262 2851 nihili
283 2785 387 2864 fuerit,
408 2801 440 2850 et
459 2789 606 2870 populus,
628 2788 684 2872 qni
704 2789 770 2852 han·
783 2791 859 2853 aola
881 2789 988 2875 gloria
1004 2811 1056 2854 ton·

117 2891 206 2968 fidit,
226 2893 259 2953 in
280 2902 438 2953 aeternum
460 2888 664 2952 damnabitur.
793 2952 796 2956 ,
998 2891 1000 2895 ’

173 3008 176 3013 “
201 2997 283 3062 Cum
310 3015 384 3058 vero
411 2992 470 3054 hoo
490 2990 530 3051 ita
551 2989 692 3064 docetur,
719 2987 829 3054 ludaei
859 2992 1057 3068 framnnt‚tt

120 3120 219 3184 paena
238 3099 272 3161 in
293 3097 411 3160 rabiem
432 3107 581 3181 aguntur,
610 3093 684 3185 qnia
711 3092 879 3161 insaniunt
909 3095 948 3157 in
976 3094 1056 3179 print

119 3202 293 3277 nativitate,
321 3222 379 3263 nee
407 3199 597 3262 adscendunt
623 3195 662 3256 ad
689 3194 920 3277 cogitationem
953 3198 1055 3261 alterins

119 3305 303 3379 nativitatis,
325 3316 355 3365 et
375 3302 420 3364 aio
440 3313 576 3386 pereunt
615 3297 763 3362 Similiter
784 3310 814 3360 et
837 3299 952 3366 Tua-na
973 3321 1055 3383 anpe-

119 3403 168 3468 ltit
188 3403 374 3487 simpliciter
393 3405 426 3467 in
448 3405 549 3488 prima
568 3402 744 3475 nativitate,
766 3411 797 3462 et
816 3412 891 3462 non
914 3416 1004 3464 curat
1020 3421 1055 3464 rt

121 3508 280 3570 nationem.
303 3507 389 3587 Papa
403 3506 435 3566 in
458 3506 561 3568 eade‘m
578 3525 707 3589 prorsus
720 3505 895 3586 absorptus
918 3517 977 3579 ast,
996 3505 1054 3565 adet

118 3622 154 3673 at
175 3630 302 3673 omnem
324 3608 467 3692 pietatem
489 3621 519 3670 et
540 3607 721 3694 religionem
742 3604 876 3667 adeam
899 3628 1053 3673 aenommn
