2182 4050
110 154 173 223 984
272 133 518 239 vigesimum
539 138 754 249 retundam
774 163 899 243 capnt

110 316 278 391 gattarum.
320 302 403 366 Hinc
432 301 632 366 inatitnerunt
658 303 763 390 cultus
792 313 823 368 at
850 299 994 365 “crificia

110 404 239 493 Gilgnl,
259 404 387 480 Bethlel,
408 404 497 482 Dan,
518 405 660 533 Thabute
687 404 735 469 ibi
764 403 850 469 οιιίιι
871 401 1004 490 geetael

109 522 184 572 runt
202 532 254 572 rer
275 510 464 593 inrignea.

190 628 242 693 Sto
262 630 417 693 Abraham
450 628 590 691 habuit
578 627 760 713 luttiaeimaa
778 646 899 699 ,caum
920 644 1004 687 mane

110 741 143 792 et
162 730 284 793 colendi
314 715 397 795 hanc
424 732 536 794 locum.
579 730 737 794 Praestitit
765 750 923 817 summan
950 748 1004 792 tau

110 833 191 897 cium
217 834 251 895 in
279 854 317 897 eo
346 835 417 897 loco
448 831 610 919 religionis
637 844 668 895 et
695 816 893 925 reverentiae
921 832 1004 894 divin

108 930 214 997 tamen
236 936 339 999 noluit
360 937 512 998 celebrem
533 931 632 996 licere
651 933 720 998 ullo
741 935 1004 1008 monumeutc,ti

45 1064 48 1073 =
109 1034 192 1131 inira
217 1038 377 1099 audiemua
405 1038 444 1099 de
464 1034 642 1098 Patriarcha
663 1035 776 1110 laceb,
808 1047 927 1116 nepote
952 1035 1004 1121 ipsi

111 1137 166 1222 qni
186 1136 323 1223 lapidem
344 1137 441 1225 erigit
460 1157 497 1201 eo
519 1138 609 1213 loco,
629 1136 687 1199 ubi
707 1136 830 1202 viderat
851 1136 972 1201 ecclam·

107 1366 110 1371 Ι
189 1282 358 1348 Posteritae
384 1282 526 1345 Abrahae
554 1279 711 1365 e'jnamodi
736 1281 811 1345 loca
840 1281 1004 1366 insigniti

109 1394 195 1447 trum
214 1386 369 1471 religione
392 1400 422 1450 ct
443 1385 605 1450 sanctitate
625 1384 727 1446 sectati
749 1399 823 1447 aunt
845 1386 876 1448 et
890 1387 1004 1449 coluere

108 1486 184 1549 ldeo
206 1488 297 1549 toties
318 1503 457 1552 terantur
477 1509 496 1551 e
515 1488 609 1551 Mose
638 1496 669 1549 et
690 1486 880 1569 Prophetie,
905 1500 936 1550 et
952 1488 1004 1551 Mu

107 1586 143 1651 id
162 1582 283 1653 tumme
315 1592 419 1655 studio
449 1571 531 1673 agit,
559 1601 596 1649 ut
623 1578 884 1653 revocet-umnec
911 1591 1004 1653 hiatcri

109 1711 205 1767 encra,
227 1693 380 1757 mirabilia
395 1706 425 1756 et
444 1706 544 1755 totum
560 1691 680 1754 cultum
700 1690 739 1753 ed
755 1689 875 1768 locum,
898 1716 1004 1779 querat

110 1804 197 1877 gerat
219 1793 524 1879 Dominus.'„Cave,
544 1794 664 1878 inquit,
685 1815 724 1855 ne
745 1794 778 1857 in
802 1798 1004 1879 quocunqne]

108 1915 145 1954 co
167 1893 296 1974 offerar,
325 1900 379 1962 aed
402 1921 440 1962 ec
462 1911 598 1973 tantum,
628 1896 662 1959 in
692 1916 756 1979 quo
786 1897 941 1962 memoria
965 1897 1004 1963 fue

108 1995 245 2060 neminie
266 2001 355 2063 mei“
377 2002 484 2076 (Dent.
508 2009 564 2077 te,
588 2004 634 2070 tt.
659 1999 734 2073 14).

124 2130 135 2162 ’·
186 2134 260 2198 ldec
282 2135 424 2223 designat
445 2137 489 2199 eit
512 2148 629 2199 certum
648 2133 771 2207 locum,
799 2145 831 2196 et
851 2147 941 2196 vocat
957 2132 1004 2197 trit

108 2237 255 2300 naculum
276 2239 393 2316 Moed‚
413 2241 448 2302 id
469 2253 531 2316 eat,
553 2251 686 2311 statum,
706 2246 824 2298 certum
847 2249 882 2298 et
901 2230 1004 2299 uiuat

108 2359 196 2400 cum:
226 2339 261 2403 id
289 2341 522 2423 tabernaculum
551 2340 634 2406 dedit
655 2340 741 2401 Deua
762 2338 851 2415 Mori
878 2342 915 2403 in
940 2352 1004 2402 mu

73 2440 232 2523 xaigun·
253 2441 335 2518 loci,
365 2469 456 2528 quem
480 2444 644 2531 elegisset,
672 2453 704 2503 et
731 2441 859 2504 addidit
879 2440 1004 2527 promiti

105 2552 197 2622 nem',
223 2566 256 2608 ee
275 2546 417 2611 hahitare
438 2550 500 2624 ihi,
521 2546 647 2620 adeaeess
675 2544 784 2606 audire
805 2557 880 2607 vata
901 2557 930 2606 et
948 2564 1004 2628 pret

103 2649 328 2711 invocantium.
351 2651 415 2714 Sed
435 2653 490 2714 ille
508 2648 748 2735 ipaepcpuluq,
770 2649 825 2730 qui
847 2649 1004 2710 maximoe

106 2763 173 2810 tum
194 2763 224 2812 ct
245 2748 406 2817 definitum
427 2756 532 2816 locum
549 2755 650 2817 cultua
666 2750 810 2827 hahebat,
831 2751 1004 2813 omniumr

104 2852 185 2915 xime
206 2853 330 2915 incertia
352 2869 382 2916 et
403 2857 544 2919 electitiia
573 2856 652 2918 locis
673 2855 848 2938 vagabatur
878 2852 1004 2915 eterni

103 2958 164 3019 Eat
185 2957 267 3018 enim
286 2977 332 3017 ea·
344 2970 472 3021 naturae
492 2971 616 3019 nostrae
646 2956 840 3038 deploranda
863 2955 1004 3039 pervertit

97 3059 322 3144 'ut32quiequid
342 3060 427 3123 Deua
448 3061 590 3133 mandet,
611 3079 676 3120 non
697 3078 854 3143 servemus
875 3077 933 3120 nec
951 3078 1004 3144 meg

53 3145 57 3149 ¹
104 3163 269 3226 faciamus:
302 3163 452 3247 quicquid
474 3175 577 3224 autem
598 3146 751 3222 Diabolus
773 3160 900 3237 atetuit,
920 3161 955 3223 id
972 3181 1004 3222 eu

103 3291 156 3333 mo
178 3269 281 3330 etudio
305 3280 337 3329 ct
356 3258 520 3329 decutiunc
547 3263 764 3346 amplectimur
790 3276 821 3327 et
843 3264 1004 3335 observem

104 3368 300 3435 aedificamus
313 3366 428 3442 altaria,
449 3367 572 3440 sacella,
594 3368 721 3449 templa,
743 3356 1004 3430 currimuelicmu

104 3475 145 3535 ad
165 3472 197 3534 S.
218 3471 374 3534 iacobum.
396 3469 524 3531 Interim
545 3468 738 3555 negligimur
759 3464 1004 3550 Baptismum,ll

103 3576 297 3654 cherietitm,
317 3573 546 3638 absolutionem
567 3585 598 3635 et
618 3573 827 3659 vocnticncm.
