2182 4050
310 216 317 233 ¹
343 212 349 227 ¹
421 198 604 286 genesis.
625 218 648 227 ··
759 240 762 245 -
921 204 990 273 575

66 356 108 407 nt
127 343 187 407 iile
206 343 383 431 benedictio
403 367 462 430 per
480 368 584 412 seuseu
605 346 774 426 Abrebee‘,
794 350 991 416 menifestum

66 456 101 522 t,
128 447 312 512 idolatriam
340 462 370 512 et
397 452 647 514 maledictionem
674 470 759 527 eeee,
781 475 991 542 quaecunque

66 548 157 611 utitis
176 549 229 613 rel
248 549 425 615 benedictio
446 575 504 638 per
525 574 622 637 opere
642 555 859 638 praesumitur.

114 682 203 749 Heec
225 698 297 783 suut
317 687 420 772 uspits
440 676 563 751 nosircc
583 686 753 765 doctrinae,
775 690 923 755 affirmere
943 688 989 776 ju·

66 784 151 849 titiam
172 788 234 871 per
253 790 354 851 eulsso
374 787 480 865 fidem,
502 803 532 854 et
546 788 680 854 refutare
691 792 792 874 Pepee
803 793 989 857 idoletrienr.

66 884 222 954 ierrolerie
242 904 344 955 entem
365 894 514 979 requitur,
538 891 686 977 quicquid
705 894 849 978 Pupietee
869 895 909 959 de
927 893 989 961 fide

66 994 238 1078 tuperibue
257 995 430 1074 bieterent,
451 998 490 1059 eb
510 997 588 1080 ipris
610 1018 674 1057 non
694 997 838 1085 intelligi.
880 998 923 1061 Et
942 1019 991 1062 ru⁴

66 1097 294 1159 tebeuden'dum
319 1095 464 1180 inprimis
486 1109 548 1171 est,
578 1095 664 1181 qnod
692 1099 805 1185 ducent
825 1100 991 1164 dubitetiul
1060 1141 1065 1151 ·

66 1218 119 1274 ure,
152 1211 184 1261 et
206 1197 353 1261 unierunt
378 1197 511 1281 justitiae
531 1196 665 1263 formem
692 1223 781 1267 suem
809 1198 991 1269 substentit'·
1044 1216 1068 1253 ⁸²

66 1322 111 1377 rr,
136 1322 220 1384 queo
242 1315 288 1365 est
307 1298 434 1365 fiducie.

109 1418 186 1483 Nus
210 1434 311 1485 eutem
332 1422 404 1486 ideo
432 1434 494 1485 tem
515 1419 621 1485 multis
648 1416 742 1485 fidem
762 1420 989 1511 praedicemue'

82 1542 267 1586 asseremus
282 1492 427 1587 bduciem
450 1536 480 1586 et
494 1524 706 1588 certitudinem
716 1525 819 1602 'illem,
841 1549 901 1611 que
915 1522 991 1639 per·

66 1625 116 1689 esi
139 1638 170 1690 et
193 1626 270 1688 certi
291 1646 358 1689 eese
379 1626 542 1705 debemus,
564 1648 622 1690 nos
643 1648 708 1691 eece
728 1626 944 1693 benedicten
931 1628 992 1715 per

66 1750 142 1795 nen
163 1728 320 1829 Abrahae

113 1820 358 1918 Observandum
379 1865 497 1917 veruet
516 1853 580 1914 huc
601 1863 655 1929 eet,
678 1826 795 1945 quod
784 1876 818 1914 sn
839 1851 896 1947 iste
915 1826 991 1965 pru
1068 1922 1070 1927 ‚

66 1956 186 2021 ieeiune
207 1956 342 2020 involvit
363 1954 519 2039 scripture
546 1966 652 2040 secctp
679 1972 745 2013 uon
772 1948 892 2016 t'entum
911 1932 991 2063 diri·

67 2072 160 2123 utem
197 2057 332 2135 Christi,
370 2057 425 2121 sed
453 2057 545 2121 etism
577 2052 742 2117 discrimen
772 2078 964 2169 personaret

66 2162 111 2227 ris
133 2163 233 2225 Peter
252 2175 314 2238 eet,
343 2162 400 2247 qui
421 2159 591 2245 promittit3
625 2177 728 2218 semen
750 2171 850 2219 eutem
872 2160 979 2249 eet's
1023 2156 1027 2172 '

66 2287 116 2340 ue,
146 2263 204 2348 qui
224 2265 436 2347 promittitur,
467 2274 498 2324 ut
529 2259 712 2324 discernitur
741 2237 987 2344 epromitteute.

66 2379 119 2431 unt
137 2366 242 2451 igitur
262 2368 341 2432 duee
362 2358 522 2427 distinctae
541 2374 715 2447 pertenue,
736 2354 877 2425 aeternus
897 2363 992 2447 Betui

66 2471 238 2551 comittens,
259 2485 288 2533 et
307 2464 410 2530 Filius
432 2478 583 2539 retornus,
606 2464 660 2548 qui
679 2462 880 2548 promittitur.
907 2464 992 2531 Herc

66 2574 220 2658 rophetee
248 2594 284 2635 ex
312 2570 385 2634 istie
400 2569 501 2633 verbis
531 2560 663 2655 pulchre
683 2562 872 2645 eroicerunt
905 2561 992 2628 'Non

66 2676 122 2738 nim
142 2688 206 2737 tem
229 2674 341 2792 frigide
368 2674 515 2761 legerunt
536 2690 639 2733 secuse
659 2668 783 2745 literas,
810 2681 845 2731 ut
864 2666 993 2733 uus'sol

66 2797 139 2841 euue
162 2790 193 2839 et
215 2778 381 2875 praecipue
401 2773 523 2851 ludaei,
544 2771 601 2857 qui
620 2782 743 2834 tentum
761 2769 919 2841 rerbeiesu
938 2770 993 2837 be·

66 2880 248 2945 dodonem
269 2877 435 2941 somnient
632 2892 636 2899 '

122 3001 177 3067 Sic
197 3000 307 3067 Eeties
328 3004 422 3076 65.(
407 3013 450 3076 (r
473 3004 536 3072 16.)
566 2997 623 3062 nite
653 2932 888 3084 „Quicunque
900 2995 994 3060 bene·

66 3102 145 3167 [ieter
167 3115 213 3166 eet
233 3114 472 3187 superterram,
492 3103 725 3166 benedicetur
715 3126 749 3164 rn
770 3101 838 3165 Deo
859 3102 994 3193 Ametr‘i,

66 3206 157 3283 dest,
177 3228 206 3268 er
194 3200 293 3269 ulie
312 3205 491 3271 benedictio
518 3224 614 3290 cuper
632 3218 747 3268 terrem
768 3205 837 3280 erit,
857 3201 913 3265 ille
934 3200 994 3265 erit

66 3332 85 3371 n
102 3308 171 3373 Deo
193 3307 318 3386 Amen,
344 3308 378 3371 id
399 3320 462 3382 est,
483 3307 553 3377 Deo
574 3328 656 3370 vero.
700 3304 864 3395 significet
883 3304 994 3392 igitur,
1015 3314 1019 3321 '

66 3434 150 3475 umen
172 3411 323 3478 Abrahae
344 3433 409 3476 esee
430 3400 543 3474 rerum'
559 3407 675 3484 Deum,
701 3432 759 3492 per
780 3409 867 3496 quod
887 3408 995 3475 future

66 3526 96 3575 set
112 3514 308 3593 benedictio,
336 3538 377 3581 ne
397 3513 503 3578 iudaei
524 3513 645 3589 dicent,
665 3512 725 3575 uc's
746 3515 875 3577 adurere
895 3513 995 3576 homi·

66 3634 122 3681 teu
138 3614 332 3696 erueifisuur,
353 3618 428 3703 quie
449 3614 559 3682 Eseies
576 3613 660 3678 clere
680 3616 769 3681 dicit:
790 3614 891 3698 „Erit
909 3617 996 3683 neu

353 3732 356 3736 ⁴
528 3758 532 3771 ·
602 3718 683 3792 18*
