2182 4050
403 149 593 239 genesin*
618 170 622 179 ·
784 229 788 251 .
928 152 998 219 73·

75 318 161 371 entur
196 303 335 387 exempla
359 288 566 365 humanitatis·
589 311 620 363 et
635 297 866 364 'beneficentiae
895 302 971 388 eiga
1037 316 1044 323 “

75 410 217 496 *egrinoa
239 405 353 469 Sumus
371 420 430 487 per
447 407 509 468 'boo
531 417 625 499 eaput
647 403 766 465 invitati
787 405 825 466 ad
847 406 971 488 nuptias

75 515 205 588 beocae3
234 509 392 572 audiamus
422 531 497 594 ergo
527 505 762 592 epithalamium
789 528 848 590 pro
875 496 973 595 exem·

75 639 81 674 s
104 602 283 696 juventutis,
305 625 340 674 ut
361 613 459 675 diseat
481 609 649 681 honorifice
670 608 781 672 sentire
803 610 841 674 (le
856 612 972 694 nuptiis

85 728 220 798 utroque
240 736 331 789 sexu,
364 736 444 795 quae
473 715 555 796 apud
578 713 733 787 ethnicos,
761 713 848 774 utin
869 717 973 798 poetis

75 817 160 895 uenia
194 830 224 880 et
252 816 375 879 Latinis
402 817 508 878 videre
536 797 609 891 ests
633 813 862 897 vituperanturr
899 819 974 902 quia

75 933 152 981 itum
181 918 350 1003 inspiciunt
378 941 517 994 earnem,
548 929 578 980 et
605 916 649 979 ita
677 915 779 999 Deum
807 931 975 982 creatorem

75 1022 223 1083 ntumelia
244 1022 385 1086 afficiunt.
406 1023 472 1084 lllis
492 1043 689 1106 opponamus
709 1002 824 1083 textum
845 1023 976 1106 s'oriptu·
1013 1064 1015 1073 ·

75 1140 238 1192 tsanctae.

114 1227 314 1292 Vocabulum
336 1229 408 1296 nl]
432 1245 522 1308 saepe
543 1223 681 1286 occurrit
701 1224 734 1289 in
755 1228 848 1290 sacris
869 1230 976 1308 literis,

82 1341 189 1416 puto,
220 1353 270 1394 me
299 1315 442 1418 diligenti
474 1329 689 1392 observatione
715 1333 878 1413 propriam
910 1334 979 1416 ejus

76 1434 292 1523 gnificationem
312 1432 474 1495 invenisse.
501 1432 618 1494 Noster
639 1433 791 1516 interpres
812 1435 911 1512 vertit,
931 1436 980 1498 in·

78 1560 160 1612 rem,
191 1560 271 1622 quae
292 1547 337 1598 eat
357 1555 477 1618 gemma
499 1535 625 1618 pensilia
654 1535 689 1597 in
716 1534 859 1616 auribus,
886 1550 922 1600 ut
942 1539 981 1601 (le

76 1640 244 1722 ethiopibus
271 1653 301 1702 et
322 1636 489 1719 Cleopatra
518 1636 664 1698 historias
684 1636 836 1716 referunt,
868 1640 981 1725 quibus

99 1754 313 1805 ornamentum
340 1739 373 1800 in
400 1762 459 1802 usu
487 1737 554 1799 fuit.
596 1738 713 1801 Verum
744 1742 819 1804 haee
845 1754 983 1806 nonest
1026 1751 1029 1763 '

76 1845 170 1927 opria
197 1845 245 1905 vis
273 1841 433 1929 vocabuli,
464 1842 520 1903 sed
549 1843 676 1925 proprie
705 1839 873 1928 signifieat,
903 1842 984 1906 siout

76 1946 251 2029 leronymus
273 1967 399 2030 quoque
417 1928 515 2019 sentit,
536 1943 676 2007 lunulam
697 1946 759 2008 sive
780 1943 923 2023 frontale,
944 1947 983 2010 ab

76 2072 104 2113 ra
126 2070 200 2111 aure
221 2048 259 2111 sd
280 2048 406 2111 alteram
423 2046 650 2109 semicirculum
665 2049 828 2132 quendam.
850 2049 985 2114 Nostrae

76 2151 176 2236 rgines
204 2152 278 2213 loco
308 2152 395 2214 iatius
425 2148 597 2212 ornamenti
624 2162 755 2213 utuntur
783 2151 891 2215 Perlin
920 2154 986 2217 und

76 2256 163 2321 rlden
184 2254 308 2316 Borten.
350 2251 433 2315 lllod
453 2271 527 2314 vero
549 2250 686 2314 solidum
707 2276 815 2316 aarum
837 2253 904 2318 fuit.
959 2258 964 2271 '

124 2356 176 2419 Sio
200 2357 348 2418 Proverb.
371 2364 417 2425 11.
439 2366 482 2432 (r.
505 2362 569 2428 99.)
591 2354 721 2417 dieitur:
743 2356 916 2432 „Circulua
937 2380 988 2420 an·

77 2480 114 2521 na
135 2460 172 2520 in
191 2459 317 2520 naribus
343 2461 406 2521 suis
427 2460 538 2522 mulier
554 2456 686 2542 pulchra
707 2470 737 2520 et
756 2457 883 2522 fatua“t
904 2459 988 2522 idem

76 2576 108 2639 t,
137 2583 174 2624 ao
194 2562 222 2623 ai
244 2575 352 2623 nostro
373 2563 536 2646 perverbio
559 2546 660 2634 diesi,
685 2558 814 2644 perinde
842 2582 909 2625 esse
928 2560 990 2623 for-

78 2689 129 2728 am
150 2665 183 2726 in
205 2665 334 2727 muliere
355 2663 481 2740 stolida,
501 2685 537 2725 ao
556 2678 703 2726 eoronam
723 2662 868 2747 incapite
888 2663 989 2746 porei.

76 2772 101 2833 io
122 2769 230 2830 Aaron
252 2789 287 2828 ex
308 2765 468 2827 inauribus
488 2763 562 2828 feeit
579 2764 719 2828 vitulum.
741 2765 782 2828 Et
801 2788 865 2829 non
886 2767 990 2831 solum

77 2871 106 2932 :it
126 2869 280 2931 muliebre
308 2881 543 2943 ornamentum,
574 2866 629 2931 sed
649 2867 803 2944 rirorum,
831 2871 991 2954 virginum

98 2985 321 3046 matronarum,
342 2955 449 3034 Esou·
464 2976 513 3040 32.
538 2969 613 3033 Wie
633 2969 682 3032 die
703 2970 834 3035 Weiber
853 2970 903 3032 ihr
923 2971 994 3059 gulss

77 3098 108 3137 su
129 3075 249 3135 Borten
270 3084 360 3136 nnter
380 3074 440 3136 den
462 3071 620 3135 Schleiren
639 3062 758 3159 tragen'.
782 3071 856 3134 luda
877 3071 994 3137 lamina

76 3177 164 3238 immi
193 3175 361 3237 sacerdotis
387 3175 421 3236 in
448 3171 569 3250 fronte,
598 3195 678 3260 quaa
704 3171 761 3235 fuit
781 3176 995 3239 semicirculus

77 3280 194 3342 uidam:
216 3278 324 3339 habuit
343 3274 466 3341 mitram
486 3276 660 3361 byssinam,
681 3287 710 3338 et
729 3275 763 3335 iu
784 3272 886 3337 fronte
907 3270 995 3338 s'emi·

77 3382 206 3467 paulum
225 3381 264 3443 da
285 3401 371 3444 auro.
404 3378 485 3442 liino
505 3400 616 3465 regum
638 3378 765 3460 quoque
785 3375 924 3439 diadema
947 3398 996 3440 or·

77 3508 119 3545 rm
140 3495 202 3556 eat,
224 3485 279 3567 qui
300 3486 349 3547 usi
370 3477 576 3554 summittis,
599 3479 760 3542 orientales
782 3475 906 3561 quidem
927 3499 997 3541 can·

77 3585 153 3661 ldis,
187 3584 265 3647 sieut
280 3585 384 3651 bodie
412 3586 531 3661 Turoaa
561 3581 696 3647 Romani
723 3599 795 3643 vero
821 3582 996 3664 purpureis,
